1000 1490
275 125 44 51 54

356 132 436 40 COMMEN. IN PRIOREM

292.0 181.0 597.0 50.0 mnibus, quatenus tranquille uiuere poßent, & ut

288.0 225.0 601.0 45.0 ad agnitionẽ ueritatis omnes peruenirent ſaluandi.

290.0 264.0 600.0 46.0 Nunc uiros & mulieres inſtruit, quomo do orandũ

289.0 309.0 600.0 41.0 de alijs neceßarijs incidenter, fœminarũ mores in¬

290.0 340.0 301.0 47.0 ſtituendo, uiros primum.

329.0 379.0 562.0 48.0 Volo uiros orare in omni loco] Nondum ampliſᛘ

291.0 419.0 599.0 49.0 ſima templa erant ſufficiebat locus pro familia, lonᛘ

295.0 459.0 597.0 49.0 go tempore in cryptis prædicatũ, ubicũ eccleſia

291.0 499.0 601.0 40.0 erat, duo aut tres ubi locus orationis erat et prædiᛘ

289.0 535.0 602.0 51.0 cationis. In cubilibus, in agro, in naui, in mõtibus, ſylᛘ

291.0 577.0 598.0 47.0 uis, ubi orationis locus, quia ubi dominus, ubi

290.0 617.0 601.0 46.0 templum dei quod ſumus nos, ubi cor fidele et deᛘ

289.0 657.0 602.0 45.0 uotũ Id Chriſtus docuit: Cum inquit oraueris intra

289.0 694.0 601.0 47.0 cubiculum & ora patrem in abſcondito. Hodie aſueᛘ

288.0 734.0 603.0 44.0 uerunt multi, ut non niſi in eccleſia orare ualeant,

289.0 773.0 601.0 46.0 & exaudiri credant, ſi tamen orant uerè, & non poᛘ

289.0 812.0 602.0 46.0 tius multa ſenſuum & mentis diſtractione numerẽt

290.0 850.0 601.0 49.0 potius uerba, quàm corde, affectu́ & feruore leuẽᛘ

290.0 890.0 597.0 47.0 tur in deum, & in frugilitatum ſuarum defectus &

289.0 931.0 602.0 46.0 miſerias, quarum eonſideratione oratio promoueri

291.0 969.0 600.0 46.0 debet. In omni inquit loco. Conſecratus eſt homo et

291.0 1007.0 600.0 50.0 mundus totus orationi nõ templo Hieroſolymis, ſed

288.0 1047.0 602.0 49.0 in ſpiritu ct ueritate orandum, id quod docuit domiᛘ

291.0 1086.0 600.0 51.0 nus, & quæ ſe exauditurũ promiſit. Cætera ſunt dei

291.0 1125.0 496.0 59.0 prouidentiæ & benignitati committenda.

777 1175 109 56 Leuantes
