1000 1490
157 157 467 44 TIMOTHEI EPISTOLAM.

683 155 31 51 55

132 197 564 57 Leuantes puras manus] Non lotas Phariſæo¬

96 240 601 57 rum more ſed puras à ſanguine proximorum, à fœ¬

97 279 596 57 dis, libidinoſis́ contractibus, & à munere & uſu¬

98 318 599 54 ra, ab omni malo opere. Non uult Paulus more Phaᛘ

98 356 599 61 riſaico manus extendi, ſed more deſiderantium le¬

98 399 600 52 uare ex affectu petitiones. Non obſunt omnes ce¬

100 446 597 49 rimonæ, malta projant, jeu non mate, & quæ

100 475 598 60 uel mentis diſtractionem, uel hypocriſim mouere

103 527 100 51 poßint.

134 552 566 56 Sine ira & diſceptatione) Docet nihil à deo

104 594 598 60 poſtulandum obtine ri, niſi prius proximo concilia¬

104 634 607 59 tus Chriſtiana charitate fueris. Solet animum uiro¬

105 675 601 56 rum ira ocupare ſicut ſuperbia mulieres, & inconᛘ

105 714 598 55 tinentia. Ira autem charitati maximè contraria &

107 751 600 58 inimica, oratioui locum præcludit omnino. Et

116 793 582 56 niſt proata reconciuatuos paupiui ſe oraturum

109 831 599 59 nemo ignoret. Non uult ignoſcere, nec pieta¬

110 869 601 54 tis dona largri, niſi peaantibus in nos, ante indulſeᛘ

110 908 601 59 rimus, niſi fratri offe nſam remiſcrimus & ut nos diᛘ

112 962 139 40 lexerimus.

150 989 560 51 Similiter & mulieres in habitu orna¬

116 1028 598 54 to (amictu modeſto) cum uerecundia

116 1069 598 55 & ſobrietate (caſtitate) ornantes ſe non

116 1110 597 53 in tortis crinibus, aut auro, aut mar¬

122 1145 592 68 garitis, uel ueſte precioſa, ſed quod

456 1189 24 47 D

533 1196 19 44 A

632 1192 76 43 decet
