1000 1490
156 186 473 37 TIMOTHEI EPISTOLAM.

668 168 33 56 51

76 228 606 54 mani generis et reconciliatiõe perfecta cũ inimici eſᛘ

78 269 603 53 ſemus, et ita inimici, ut etiã eũ nos ipſi crucifixeri¬

78 310 604 50 mus, homines ſcilicet pro quibus ſe preciũ obtulit.

78 350 606 48 ſicut & nos in Adam peaumus. Nec dicamus nõ eſᛘ

79 387 606 54 ſe nos poſteros Iudæorũ qui hodie quoq ſimile faci¬

84 425 599 54 mus nõ refugeremus ſimili occaſiõe permoti, qua Iu¬

82 467 602 46 dæorũ primores, quibus meliores paucos habemus

82 506 602 50 quin et iterũ aœrbius eũ crucifigimus uitijs noſtris.

124 545 561 46 Pro omnibus] Dedit ſe pro omnibus. Nemo niſi

83 584 604 50 nolens ſaluari relinquitur. Suffecit, ſatiſfecit deo paᛘ

84 623 599 48 tri pro omnibus, nihil obmiſit de ſuo, quo minus o¬

86 663 605 49 mnes redimi poßint. Excuſatio nulla reſtat nobis qui

86 702 603 52 ſcimus, quid uel facere, uel deſiderare, uel obmißa

88 743 600 49 dolere, uel non indolentià deprecari, & humiliter

87 780 605 51 agnoſcere debeamus, et pro fide habemus et chari¬

89 819 600 50 tate deũ orare, quis hæc ſe nõ poße uero fatebitur?

89 860 599 48 Ad huius ueritatis agnitionẽ ſiquis illuminante deo

90 898 602 51 peruenerit ut credat & agnoſcat certa fide unũ ſuᛘ

90 937 606 44 um deũ, et conciliatorẽ unicũ dei et hominũ, hominẽ

93 977 602 49 Chriſtũ Ieſum, et ꝗ ipſe ſeipſum dederit ex maxima

95 1019 600 46 gracia redemptiõis preciũ pro omnibus credẽtibus

94 1054 604 51 ſine dubio ſaluabitur et perfectus fidelis et Chriſtia

94 1097 602 47 nus coram deo et Chriſto ſuo reputabitur, quæ ei fiᛘ

96 1137 602 46 des reputabitur ad iuſticiã ut Abraæ, et eſt totius noᛘ

96 1174 602 56 ui teſtam, et euãgelicæ doctrinæ cõcluſio et ſumma.

400 1218 35 48 D

523 1223 42 31 2

598 1216 98 48 Cuius
