1000 1490
167 151 482 56 TIMOTHEI EPISTOLAM.

673 137 37 57 61

73.0 198.0 604.0 72.0 nita tacere, taceat. Irato marito non reſpondeat,

76.0 243.0 602.0 64.0 tempus captet oportunius. Semel & non crebro re¬

80.0 278.0 595.0 72.0 petat. Lingua mulierum diligentius moderanda, ꝗ

78.0 317.0 596.0 67.0 natura propenſiores ſint ad cauillationes. Non etiã

82.0 357.0 595.0 69.0 Circumcurſari in ædes alienas, non morari in plateis

86.0 400.0 596.0 67.0 Non foris plurimos miſcere ſermones, domi agant

85.0 458.0 133.0 50.0 in ſilentio.

120.0 471.0 563.0 69.0 Adam enim primus formatus eſt, de¬

90 505 596 78 inde Eua. Adam non ruſt deceptus, ſed

91.0 555.0 597.0 71.0 mulier ſeducta, obnoxia facta eſt præ¬

95.0 612.0 185.0 54.0 uaricationi.

136.0 631.0 557.0 72.0 Ne quo pacto ſuperbiendi anſa mulier ſibi uen¬

98.0 675.0 598.0 65.0 dict donanandi in uirum, admonet Apoſtolus memiᛘ

99.0 711.0 599.0 73.0 nerit originis ſuæ, quam à uiro ſumpta aœepit, qui

100.0 754.0 601.0 70.0 primo conditus erat à deo. Natura deni perfecti¬

101.0 788.0 601.0 73.0 or & abſolutior et ſapientia clarior, & ad ſeductio

104.0 827.0 598.0 75.0 nem cautior ac fortior, quo ſopore merſo, è coſta forᛘ

105 872 603 71 mata eſt Eua, ut unum corpus et os ue uno corpore

107.0 909.0 600.0 71.0 amoris uinculo arctius conſtringerentur, primus tẽᛘ

110 948 598 77 pere et uirtute, Eua poſterior utro. Ideò duci, in¬

111.0 988.0 599.0 78.0 ſtrui, parere, ſequi debet et ſe agnoſcere dei ordi¬

112.0 1047.0 228.0 50.0 natione ſubiectam.

158.0 1069.0 557.0 65.0 Adam non fuit deceptus ] A ſerpente non au¬

117.0 1107.0 599.0 73.0 dente eum aggredi, ſine dubio uincendo. Non fefel¬

118.0 1147.0 603.0 79.0 lißet mendatio tam impudentißimo. Non ambiuiſſet

608.0 1187.0 119.0 50.0 excellen¬
