1000 1490
147 139 470 62 TIMOTHEI EPISTOLAM.

639 126 50 54 45

77.0 184.0 600.0 67.0 ex charitate ſollicitus intercedit et pro fratre orat,

80.0 220.0 601.0 75.0 ut uel aduerſa amoueantur, uel optabilia conſequã

85.0 269.0 500.0 62.0 tur, cum pro inuicem oramus ut ſaluemur.

97.0 298.0 586.0 74.0 Graciarũ ac. ] Cũ pro aœptis beneficijs deũ lauda¬

88.0 338.0 593.0 72.0 mus, & omnia ei acepta reddimus, et à nobisipſis

89.0 378.0 596.0 67.0 nihil nos habuiße uel potuiße fatemur, nos uicißim

91.0 417.0 596.0 72.0 ſuæ uoluntati offerimus et beneplacito ſuo per oĩa

91.0 456.0 601.0 72.0 ſubijci deſideramus, hoc eſt enim euchariſtiæ uerũ et

94.0 496.0 598.0 71.0 chriſtianiß, ſacrificiũ laudis, ſc. et cõfeßiõis et gratia

118.0 534.0 576.0 71.0 Pro om. INõ ſolũ amicis fidelibus, (rũ actiõis.

102.0 575.0 595.0 69.0 iuſtis, familiaribus, nobis ipſis, benefactoribus, ſed o¬

104.0 616.0 594.0 67.0 mniũ maxime ꝗ magis indigẽt dei magna miſericorᛘ

105.0 653.0 596.0 67.0 dia, ut ſunt inimici noſtri, ut caritatẽ acapiãt chriſtiaᛘ

106.0 693.0 595.0 68.0 nã, infideles, Iudæi, hæretici, ut reſpectu dei, lumine

108.0 730.0 596.0 69.0 ueræ fidei et ueritatis illuſtrẽtur & credãt deo, iniuᛘ

111.0 769.0 595.0 72.0 ſti et impij ut reſipiſcãt. Ignoti nobis ut domino miſeᛘ

115.0 807.0 596.0 71.0 rãte quilibet ſuis pecatis liberetur. Nihil unquã in¬

113.0 845.0 598.0 72.0 terorãdũ diſcriminis occurrat, quo minus affectuoſe

121.0 889.0 597.0 69.0 ꝓ uno genere hominũ oremus ꝗ̃ ꝓ alio uel excludere

120.0 926.0 598.0 70.0 aliquos præſumamus uelfrigdius intẽdere. Nõ etiã

127 967 589 67 ob beneficia tantũ oremus, noſtrũ cõmodũ, ſed ex ſoᛘ

124.0 1008.0 602.0 68.0 la fraterna charitate ad orandũ pmoueamur. Et ꝗa

126.0 1044.0 598.0 71.0 id domino placere credimus, ſimilia ab alijs deſide

129.0 1082.0 598.0 71.0 rãtes. Nõ dicit pro animabus, ſed hominibus: animæ

132.0 1121.0 601.0 74.0 enim nobis proximæ nõ ſunt, ſed deo: uiui nobis cõ

132.0 1163.0 590.0 82.0 mendãtur, mortui deo. Nos cõtrà ob quæſtũ cleri.
