1000 1490
156 132 468 46 TIMOTHEI EPISTOLAM.

663 116 36 55 53

72.0 173.0 601.0 66.0 tus ſum, & à Chriſto conuerſus, poſtea deni cum

72.0 215.0 601.0 65.0 Barnaba à ſpiritu ſancto ſegregatus in genteis, atte¬

73.0 253.0 603.0 66.0 ſtatione non modica miraculorũ, & proſ ctu præ¬

76.0 291.0 601.0 67.0 dicationis maximo à Iudæa per Aſiam & uſ ad Ilᛘ

76.0 331.0 604.0 66.0 lyricum repleui omnia euangelio Chriſti. Non poteſt

79.0 370.0 599.0 67.0 eße dubia apoſtolatus mei uocatio, & quod Chriſtus

81.0 413.0 602.0 62.0 me gentium doctorem dederit, teſtantur ſigna apo¬

81.0 450.0 601.0 68.0 ſtolatus mei, qualem & me geßi fideliter in gloriam

83.0 490.0 601.0 62.0 Chrifti, non meum compendium aliquod temporale,

88.0 526.0 594.0 69.0 nihil́ admiſcendo doctrinæ quam in me Chriſtus

88.0 567.0 600.0 67.0 non fuerit loquutus. Et ueritate, ſine omni hypocriſi

93.0 606.0 598.0 65.0 & figmento, dextré & planà ueraciter, ut acepi à

93.0 658.0 278.0 49.0 domino omnes tradidi.

112.0 686.0 580.0 62.0 Prædicator fuit Paulus euangelij, nullius alterius

95.0 723.0 602.0 68.0 doctrinæ. Iurat modeſtißimé, quod notoriũ eßet, et

96.0 766.0 601.0 62.0 non poterat negari. Doctorem ſe nominat, non in u¬

99.0 811.0 601.0 55.0 niuerſitate promotus: nonenin utuiceran Ariſtote¬

98.0 845.0 599.0 63.0 lem & parua logicalia, ſed ſpiritu ſancto permotus

100.0 885.0 601.0 57.0 docebat ſine intermißione, uerbo & exemplo, non

101.0 924.0 601.0 60.0 tam nomine doctor, quàm officio et aßiduo ſtudio doᛘ

103.0 966.0 563.0 57.0 cendi, ſicut Origines, Auguſtinus, & Gregorius.

151.0 1001.0 553.0 60.0 Volo autem uiros orare in omni lo¬

107.0 1040.0 596.0 66.0 co, leuantes puras manus, ſine ira & di¬

106.0 1095.0 194.0 52.0 ſceptatione.

149.0 1122.0 563.0 68.0 Ante omnia orandum docuerat ſuperius pro o¬

516 1170 195 55 D 3 mnibus
