1000 1490
167 145 469 51 TIMOTHEI EPISTOLAM.

665 127 40 61 63

65.0 187.0 601.0 67.0 Saluabitur autem per filiorum genera¬

75 227 593 64 tionem, ſi permanſerint in fide & dilectiᛘ

67.0 269.0 600.0 63.0 one, & ſanctificatione cum ſobrietate.

121.0 307.0 553.0 66.0 Sub dita quidem ſit uiro mulier, et humiliter ſeᛘ

74.0 350.0 598.0 62.0 gerat inter uiros et in eccleſia, agnoſcat́ mentis im

72.0 387.0 601.0 65.0 becillitatẽ et inconſtantiã, ut ſibi docendi munus in

75.0 426.0 600.0 65.0 eccleſia nõ arroget:uerũ non à uiris contemnenda

76.0 466.0 599.0 66.0 eſt, quam per generationem liberorum beatam fecit

76.0 505.0 599.0 65.0 dei munificẽtia, et inſigni munere illuſtrauit. Quid

77.0 546.0 599.0 59.0 enim admirabilius in rerum natura generatur, quã

78.0 584.0 603.0 65.0 inutero fœminæ, non tantũ corpus humanũ, ſed et

79.0 624.0 605.0 63.0 anima creando infunditur, cuius generationis, nutriᛘ

81.0 663.0 602.0 61.0 tionis et educationis pariter et inſtructionis offitiũ

82.0 708.0 604.0 54.0 contulit deus in mulierẽ, et in cunabula pietatis traᛘ

85.0 742.0 597.0 60.0 dẽdæ et pfectus cõmiſit matribus ut et lacte paſcãt.

86.0 780.0 597.0 61.0 So lido cibo à uiris nutriantur, & in fide et ſacris

86.0 822.0 596.0 61.0 dogmatibus perfecto: audiant et ſequãtur. Curet

88.0 863.0 601.0 59.0 igitur liberorũ mater, ut in ea quã à teneris unguicuᛘ

87.0 903.0 600.0 54.0 lis à ſe fidem et dilectionẽ dei imbiberunt filij, in eis

90.0 942.0 602.0 57.0 permaneãt, iugiter inculcãdo fidem et timorẽ dei, ut

88.0 977.0 603.0 66.0 ſancti ſint moribus ab omni contagione criminũ ſibi

92.0 1022.0 599.0 62.0 perpetuo cauẽtes, carni et ſanguini nõ indulgentes

93.0 1062.0 599.0 58.0 et dei mãdata ꝗbus eos mater pueros edocuit ſemꝑ

93.0 1102.0 603.0 56.0 memoria cogitãtes: ſancti ſint et ꝑmaneãt corpore et

105.0 1141.0 587.0 70.0 ſpũ. Sobrietatem in primis curãtes, ut cibo et potu

615.0 1174.0 85.0 61.0 ſomno
