1000 1490
146 152 473 49 TIMOTHEI EPISTOLAM.

644 146 42 45 49

111.0 193.0 557.0 60.0 Bonaopera ] Miniſtret liberis, marito, familiæ uiᛘ

72.0 239.0 595.0 58.0 cinis, pauperibus, pregnantibus, puerperibus, infirᛘ

74.0 278.0 597.0 57.0 mis, domui, lauando, ornando, purgando. Et omnia

75.0 315.0 599.0 58.0 hæc in fide agendo, certæ ſint, quia deo plaœant. Et

76.0 355.0 599.0 60.0 ſint ipſißimæ charitatas officia & opera à deo im¬

80.0 398.0 597.0 56.0 pofita, & oueuiemiæ janctæ optimi fructus. Si uacet

75.0 437.0 604.0 56.0 lectioni incumbant, & pueris itidem doceant, moneᛘ

79.0 479.0 483.0 53.0 ant, corrigant & cætera, hæc uera pietas.

117.0 511.0 565.0 57.0 Mulier in ſilentio diſcat, cum omni

83.0 553.0 599.0 56.0 ſubiectione. Docere autem mulieri non

89.0 591.0 595.0 60.0 permitto, ne dominari in uirum, ſed eſᛘ

85.0 639.0 205.0 53.0 ſe in ſilentio.

129.0 668.0 556.0 59.0 Viris quidem permittitur ut in cœtu quæ de au¬

88.0 708.0 598.0 61.0 ditis non intelligit, à preſbyteris inquirat, & ſi quid

90.0 748.0 597.0 60.0 ei ſpiritus reuelet loquatur cum modeſtia, & ſine diᛘ

91.0 789.0 599.0 58.0 ſœptatione. Non prohibetur à uerbo ueritatis pro¬

93.0 826.0 598.0 62.0 ponendo uir ſcripturas intelligens, qualescũ. Voluᛘ

93.0 866.0 600.0 61.0 itut paßim quini et ſeni pariter prophetarent, etiã

96.0 908.0 599.0 53.0 in eccleſia cantũ & organa et pſallentium mores et

96.0 946.0 603.0 56.0 aßiduum ſtudium non docuit, in cordibus pſallere et

98.0 985.0 603.0 58.0 ſpiritualibus hymnis domino canere mente non ſpiriᛘ

97.0 1024.0 604.0 57.0 tu Chriſtianos omneis docet. Mulieres uerò in eccleᛘ

100.0 1064.0 605.0 58.0 ſia ſileant, domi uiros interrogent, ſiquid diſcendum

102.0 1105.0 603.0 63.0 fuerit, & in ſilentio, ne ſenſu abundent, & litigent

100.0 1151.0 309.0 63.0 uerbis & ſenſu proprio.

615.0 1177.0 96.0 67.0 Docere
