1000 1490
149 140 470 46 TIMOTHEI EPISTOLAM.

647 130 38 50 67

57.0 177.0 608.0 72.0 ali quatenus quæ lubricitatis & libidinis teſtes certi£

57.0 222.0 601.0 67.0 ſunt, uenter & genitalial proximè cito ſpumant &

58.0 259.0 602.0 69.0 cætera impedimenta præbent fœtibus optatißimis

62.0 301.0 601.0 65.0 generandis. Inſipientiæ & garrulitatis uitia ſemenᛘ

61.0 338.0 605.0 65.0 afferunt, mendatij & litium matres, & nihil ſecreti

63.0 386.0 424.0 60.0 ſeruare poßint, ſeminaria malorum.

102.0 415.0 565.0 67.0 Caſtitate ] Caſtitas ſobrietate naſcitur, & ſunt ſoᛘ

73 459 584 66 rõres, ut Icliltet, jini fœnane comtime e caſtæ,

68.0 497.0 601.0 65.0 temperantes libidines & deſideria ſua inhoneſta ne

74.0 554.0 109.0 53.0 effluant.

110.0 576.0 567.0 61.0 Ornantes ſe non in torttis crimbus ] Non comᛘ

79 615 600 69 poſitlone tapiuorant, O morpueaua, auri & ar¬

78.0 656.0 604.0 62.0 genti, ac adulterino colore & cerußa, fucoq́ pere¬

82.0 694.0 604.0 64.0 grino. Iniuriam non faciant formæ naturali, ſed aniᛘ

81.0 742.0 431.0 57.0 mi pulchritudine uirtute́ ornentur.

125.0 772.0 563.0 59.0 Nec auro aut margaritis I Non onerent maritos

88.0 812.0 604.0 66.0 impenſis, colligant potius pro hæredibus, uel ſubue¬

99 848 592 65 niant indigentibus in opera miſericordia. Super a

92.0 893.0 603.0 58.0 naturali non addant fomenta, non certare mutuum

94.0 930.0 591.0 62.0 mulieres, niſi modeſtia & maturitate & ſapientia.

100.0 968.0 599.0 68.0 Stultum eſt margaritis uti, aurũ expendendum potiᛘ

102.0 1025.0 194.0 51.0 us in pauperes.

146.0 1046.0 559.0 62.0 Vel ueſte precioſa ] Veſte non ueſtibus, quod ſuᛘ

106.0 1088.0 600.0 64.0 perfluæ Chriſtianos dedecant, & excuſari non poſᛘ

110.0 1127.0 602.0 73.0 fint. Non ad luxum ſint, ſed ad neceßitatem. Vnica

436 1182 22 72 D

509 1182 15 64 5

619 1172 95 57 quidem
