1000 1490
300 106 40 57 46

370 116 441 60 COMMEN. INPRIOREM

310 177 204 39 ta & Chriftiana.

343.0 206.0 557.0 59.0 Cum omni pietate & caſtitate] Melius honeſtaᛘ

310.0 245.0 598.0 62.0 te, faciunt hæc duo perfectam quietẽ ſi deum noſtrũ

311.0 286.0 594.0 56.0 colamus fide, ſpe, & charitate, ut totos nos ei com¬

307.0 327.0 592.0 57.0 mittamus, ut patri & omnia quæ ocurrunt patris

307.0 367.0 590.0 56.0 prouidentia & pietate euenire certo credamus,

314 407 582 53 tunc enim murmm aomms minquam, temerè nõ iuᛘ

302 442 595 61 dicabimus, ſed ut ſunt omnia, optima cordis paœ ut

305.0 484.0 346.0 50.0 patris beneficia amplectamur.

345.0 521.0 550.0 60.0 Honeſtas deniq; in cõuerſatione ad Chriſtum et

302.0 564.0 592.0 54.0 morum omnium caſtitas et temperantia, nos cõmenᛘ

301.0 600.0 588.0 58.0 dabit fratribus, cauebit offenſam & inimicitias &

301.0 643.0 591.0 57.0 perpetuam tranquillitatem fouebit & amicitiã quæ

299.0 680.0 577.0 56.0 inter inhoneſtos & leues conſtare non poteſt diu.

344.0 731.0 544.0 45.0 Hoc enim bonum eſt & acceptum

294.0 759.0 597.0 56.0 coram ſaluatore noſtro deo, qui omnes

293.0 793.0 596.0 65.0 homines uult ſaluos fieri, & ad agnitio¬

291.0 840.0 320.0 47.0 nem ueritatis uenire.

331.0 876.0 563.0 56.0 Quieta conuerſatio noſtra & tranquillitas ſimᛘ

289.0 913.0 603.0 60.0 plicis obedientiæ regibus etiam ethnicis exhibenᛘ

291.0 956.0 601.0 58.0 da, bonum, est nobis, ut careamus dominantium

288.0 994.0 601.0 65.0 moleſtia, ut non graßentur, non magis opprimant,

286.0 1037.0 599.0 55.0 non irritentur contra nos, & contra euangelicam

286.0 1072.0 594.0 59.0 doctrinam, non ſchandalizentur in moribus, ne anᛘ

285.0 1111.0 598.0 70.0 ſam rapiant mouendi perſecutiones, blaſphemandi

796 1172 82 43 nomen
