1000 1490
152 165 475 44 TIMOTHEI EPISTOLAM.

658 151 45 51 49

76.0 208.0 613.0 56.0 corde & ſenſu, dum unum illud ſemper intendi¬

79.0 254.0 606.0 47.0 mus & attendimus, & propter eum omnia agimus

80.0 290.0 607.0 53.0 Non circa plurima ocupamur & distrahimur, hoc

81.0 332.0 607.0 52.0 eſt uerè agnoſcere unum deum, præter eum nihil deᛘ

82.0 374.0 387.0 48.0 ſiderare quod non propter eum.

120.0 407.0 571.0 49.0 Vnus cõcliator) Secundus articulus fidei, crede¬

85.0 446.0 606.0 54.0 re et ſare Chriſtum eße unicũ mediatorẽ, quẽ ſtatuit

89.0 489.0 603.0 49.0 pater noſter inter ſe & nos, ut cũ eßemus pecutores

90.0 528.0 603.0 50.0 & à deo proiecti & inimia per Chriſtum reconciliᛘ

89.0 567.0 603.0 49.0 amur. Hic includitur eße omnes homines peautores

91.0 605.0 601.0 51.0 dei aduerſarios & inimicos, deum etiam offenſum

90.0 645.0 606.0 49.0 omnibus, & abiecße damnaßeq́; in primo Adam et

93.0 682.0 604.0 52.0 ſola Chriſti gratia conciliatos. Et non id ſolum, ſed

96.0 722.0 603.0 50.0 & filiationis & hæreditationis aœepiße & in Chriᛘ

95.0 763.0 606.0 49.0 ſto omnia bona, ut nostra ſint, quæ fratris noſtri ſunt

136.0 803.0 562.0 42.0 Vnus autem non multi mediatores uel conciliatoᛘ

100.0 841.0 601.0 49.0 res, unus enim Chriſtus, unus ſaluator, nõ ergo præᛘ

100.0 881.0 602.0 50.0 ter eum interponendi ſunt alij, quantumlibet ſancti

100.0 922.0 601.0 49.0 omnes enim pecatores ſunt, & eguerũt, imò egent

105.0 961.0 596.0 48.0 gracia dei. Solus Chriſtus ſuapte dignitate & ſuis

102.0 1002.0 601.0 46.0 meritis, non ex gracia concliat nos patri. Omnia e¬

104.0 1041.0 599.0 43.0 nim pater dedit in manus filio. Ed eum currendum

106.0 1081.0 597.0 48.0 quoties urgemur, fons eſt pictatis, non eſtut eum

107.0 1120.0 601.0 48.0 promereamur, ſanctorum interœßionibus, benigniᛘ

108.0 1159.0 599.0 58.0 or nobis eſt, quàm omnes ſancti. Solus pro nobis

526 1208 26 41 D

632 1206 79 53 mor¬
