1000 1490
283 112 47 66 64

373 129 456 42 COMMEN. IN PRIOREM

307 173 618 62 ſomno, otio, luſibus, lenocinijs, indulgentia, ſodalita

307 220 606 53 te, caueant incumbere, ſed potius inculcare ſtudeant

320 260 584 54 matres filijs, quos deo genuerint et proximis, fidem

307 294 584 59 dilectionem, ſanctimoniã, pudicitiam, ſobrietatem.

463 338 313 46 CAPVT III.

334 383 77 123 F

436 370 203 50 Idelis ſermo.

476 413 438 57 Quæ tibi filio meo dilecto ducenda

434 455 479 55 ad populum ſcribo, ut Chriſti apoſte lus et

309 495 602 55 tibi pater, ſcribo quæ certißima habeas, et tam quæ

307 534 606 52 nunc dixi de uiris et mulieribus, quàm nunc, ſcri¬

310 570 600 58 benda, ſcias à domino reuelata, et fidelia, et Chriſti

311 608 589 60 doctrinas eſſe qui in me loquitur. Non ſunt hominũ

306 653 604 54 uerba, mendatia, nihil ex me loqui in eccleſiam au¬

309 692 601 56 deo, nec opiniones et fabulas. Fidelis eſt omnis ſer¬

307 745 212 33 mo dei et eſſicax.

342 768 567 60 Siquis epiſcopatum deſiderat, bonũ

305 810 240 46 opus deſiderat.

343 849 372 51 Eraſmus: honeſtum opus.

341 889 567 57 Epiſcopus Græcè obſeruator, ſpeculator, ſuper inᛘ

302 927 606 60 tendens, et cuſtos dicitur. Offitium epiſcopale eſt, boᛘ

301 971 607 53 na procurare, et à malis cuſtodire, curam proximi

301 1008 607 58 ſalutis geſtare. Nihil autem melius quàm paſcere, et

302 1047 605 57 id uerbo dei, paſcuis ſalutis. Qui ergo deſiderat huᛘ

302 1088 605 54 iuſmodi exercitia conferre in proximum, opus bonũ

302 1126 605 66 deſiderat ex charitate propter deum. ut benefaciat

762 1182 142 54 Deſiderare
