1000 1490
285 144 40 50 52

351 145 471 46 COMMENT. IN PRIOREM

350.0 187.0 560.0 58.0 Cuius teſtimonium temporibus ſuis

312.0 230.0 601.0 57.0 confirmatum eſt, in quod poſitus ſum

312.0 271.0 601.0 55.0 ego prædicator & apoſtolus. Veritatem

313.0 314.0 600.0 50.0 dico non mentior. Doctor gentium in

314.0 355.0 243.0 48.0 fide & ueritate.

354.0 389.0 559.0 54.0 Eraſmus Græcè legit: Teſtimonium temporibus

312.0 428.0 603.0 57.0 ſuis in quod poſitus ſum ego prædicator &c. quod

313.0 469.0 603.0 55.0 intelligo ſic: Adhoc Chriſtus ueniens ſe tradidit pro

314.0 509.0 601.0 53.0 nobis patri, ut id ſuo tempore teſtaretur toti orbi,

313.0 549.0 604.0 51.0 omnibus hominibus redemptis, ut id omnes credãt,

315.0 586.0 602.0 56.0 & credendo ſaluentur. Noluit enim otcultum quod

316.0 629.0 600.0 52.0 tot ſacrificiorum figuris in ueteri teſtamento toties

313.0 665.0 605.0 56.0 uoluit eße teſtatũ, & in figuris repreſentatũ. Quin

317.0 709.0 602.0 50.0 & ego Paulus ad hoc noſtræ redemptionis euangeᛘ

317.0 744.0 603.0 55.0 lium prædicandum, ab eodem Chriſto domino poſi¬

317.0 789.0 604.0 52.0 tus ſum ſegregatus & electus poſt alios, ut toto or¬

314.0 825.0 609.0 54.0 be gentibus hæc prædicem annunciarem hanc dei

321 862 592 56 ſtupendam graclam. Nuncius nupus a Chriſto & a¬

318.0 906.0 605.0 50.0 poſtolus, licet cum Chriſto non uixerim, tamen ex mi¬

317.0 945.0 603.0 51.0 ſericordia ſua, ex perſecutore blaſphemo me conuerᛘ

317.0 985.0 605.0 53.0 tit in Apoſtolum & ueritatis doctorem ad omneis

321.0 1033.0 106.0 47.0 genteis.

360 1074 553 36 Veritatem dico non mentior ] Celebris eſt fa¬

318.0 1103.0 605.0 52.0 ma inſantæ meæ cumſpirans minarum & cædis in

317.0 1143.0 607.0 61.0 diſapulos, ſubitò in multorum comitiua é cælo uocaᛘ

877 1188 47 47 tus
