1000 1490
285 119 49 73 44

362 127 456 51 COMMEN. IN PRIOREM

341.0 171.0 557.0 56.0 Pro regibus & omnibus in eminẽtia

306 217 590 52 cõſtitutis, ut placidã, ac quietam uitam

296.0 254.0 599.0 55.0 degamus, in omni pietate & honeſtate.

334.0 297.0 560.0 53.0 Reges Apoſtoli tempore infideles erant & fideᛘ

294.0 333.0 601.0 54.0 libus aduerſarij ſed tamen pro eis orari uoluit: imò

293.0 376.0 601.0 51.0 tanto magis, quanto reſpectus dei magis eis pro reᛘ

293.0 414.0 599.0 48.0 gimine noſtro neceßarius ut boni fiant, ut tractabiᛘ

291.0 453.0 600.0 54.0 les, ut manſuetè ac benignè regant, ut ſuſtinere poßiᛘ

295 496 591 46 mus, ut cor eorum e domno regatur, ut tranquillius

290.0 532.0 599.0 51.0 regamur ab eis, ut ſapientia præſtetur illis & clemẽᛘ

291.0 571.0 530.0 52.0 tia, & ante omnia timor dei & amor iuſticiæ.

321.0 609.0 564.0 53.0 Et omnibus qui in ſublimitate conſuluti ſunt] Et

286.0 648.0 595.0 56.0 coniunctio crebro expoſitiuè accipienda. Regibus,

284.0 688.0 600.0 53.0 id eſt, ſublimibus: reges enim omnes ſunt, qui in maᛘ

285.0 730.0 604.0 53.0 gistratu aliquo conſũtuuntur ut præſint & regant,

282.0 769.0 599.0 52.0 moderentur. Conſtituti autem non ab alio, quàm à

281.0 807.0 598.0 53.0 deo. Omnis enim poteſtas à deo. Etiã mala propter

283.0 848.0 597.0 53.0 peccata populi, & dei imminens iuditium, etiam maᛘ

279.0 897.0 599.0 43.0 li confutuuntur, ut per cos ſua deus iudicia exequiᛘ

278.0 926.0 598.0 54.0 tur. Dabo tibi regem in furore meo. Effœminati

278.0 966.0 597.0 51.0 erunt principes eorum, & c. Maximam pœnam de

275.0 1005.0 598.0 51.0 precabimur, ſi bonum principem orationibus proᛘ

275.0 1044.0 426.0 51.0 merebimur propter pecata populi.

276.0 1084.0 593.0 52.0 Sublimitas eſt regere ſubiectos iuxta ſtilum Spiritus

270.0 1124.0 600.0 58.0 ſancti et à deo ordinata, non ut honorentur, ſed ut

758.0 1174.0 113.0 61.0 oneren¬
