1000 1490
290 109 40 66 42

361 122 445 46 COMMEN. IN PRIOREM

307.0 169.0 596.0 61.0 imperijs, iußionibus in rebus dei agendis, nec Chri¬

306.0 214.0 596.0 55.0 ſtus, nec Apoſtoli id egerunt, ſed admonitiõibus, oraᛘ

305.0 250.0 595.0 57.0 tionibus, conſilijs, adhortationibus ſuis profecerũt,

310 290 578 61 ut nihil mandauerint, niſi quæ pro charitate ſeruanᛘ

308.0 330.0 211.0 47.0 da proponebant.

344.0 373.0 555.0 49.0 Vt ante omnia fiant oratiões ] Cum ſanctũ et deo

300.0 410.0 598.0 56.0 aœeptũ nihil prorſus ualeamus noſtris fieri uiribus ſiᛘ

299.0 450.0 599.0 54.0 ne auxilio dei, nec uerba, nec opera, nec exempla

298.0 489.0 599.0 55.0 nec ſollicitudo aliqua noſtra ꝓſit quicquã, neceße erit

298.0 543.0 597.0 39.0 ante omnia noſtra conamina deũ implorare, eius ad

295.0 567.0 598.0 57.0 iutoriũ petere, & aſiſtentiã, ut ipſe bonũ inſpiret, de¬

298.0 606.0 595.0 57.0 ſiderari faciat, et ꝑfici aliũde enim nõ obtinebimus.

334.0 647.0 557.0 55.0 Deprecationes ] Orationes ſunt ad deum, qui¬

293.0 685.0 598.0 57.0 bus aduerſa quæ meruimus peaatis noſtris per dei

288.0 735.0 602.0 45.0 miſericordiã amoueri precamur, iram ſcilicet dei et

288.0 765.0 600.0 56.0 iuſtam pœnã, & anguſtias con ſcientiæ, ſpiritus ſciliᛘ

287.0 807.0 597.0 55.0 et & corporis incommoda, tẽtationes periculoſas,

288.0 845.0 250.0 48.0 & caſus peccatorum.

322.0 883.0 561.0 54.0 Obſecratiões] Quibus per omnia ſacra & deo

286.0 932.0 598.0 46.0 grata conſequi deſideramus dona dei, nobis neceſaᛘ

282.0 961.0 598.0 56.0 ria, ſpiritualia imprimis & corporalia, ut quod noᛘ

279.0 1002.0 599.0 53.0 ſtris meritis non poßumus obtinere, eius nobis graᛘ

278.0 1040.0 597.0 53.0 tiam & Chriſti paßione & meritis interœdentibus

279.0 1081.0 522.0 53.0 à domino poſtulemus concedi in gloriam dei.

317.0 1120.0 553.0 62.0 Interpellatiões ] Cũ unus ꝓ alterius neceßitate

829.0 1168.0 39.0 52.0 ex
