1000 1490
275 122 41 71 60

363 137 446 40 COMMEN. IN PRIOREM

331.0 184.0 568.0 43.0 Doœre autem mulieri non permitto ] Non au¬

298.0 225.0 601.0 44.0 deo adijcere, in cœtu uirorum, ſic ut liceat eis in ecᛘ

297.0 264.0 600.0 47.0 cleſia fœminarum: ſenſu enim infirmæ ſunt & inſtaᛘ

297.0 305.0 602.0 46.0 biles. Viros preſbyteros, ſenes habeant, à quibus fœᛘ

298.0 346.0 601.0 44.0 minarum congregatio inſtruatur publice. Nemo ue¬

296.0 384.0 602.0 48.0 rò negauerit aliquot pariter conferre poße de audiᛘ

297.0 422.0 598.0 47.0 tis & lectis, ac legere ſcripta ſancta in publico, ſic,

295.0 462.0 601.0 47.0 ut intelligant. Verum ſine intellectu, orare, legere, caᛘ

295.0 501.0 598.0 46.0 nere, pſallere, opus eſt ſine omni utilitate & maxi¬

294.0 539.0 597.0 49.0 ma temporis iactura, ſolaignorantia et pigritia moᛘ

292.0 579.0 601.0 45.0 nachorum introduxit hæc omnia. Olim doctæ erant

293.0 620.0 600.0 43.0 moniales & ſeruire hoc poterant, deuotioni. Hodie

290.0 659.0 600.0 40.0 non tam obedientia excuſat, quàm dementia culpat.

292.0 697.0 600.0 47.0 Quid enim inutilius potuerit inſtitui, quid ſtultius ex

290.0 739.0 599.0 47.0 cogitari, quàm ut tantũ temporis expendant in uerᛘ

288.0 778.0 601.0 47.0 bis nihil ſignificantibus, & reliquum tempus ab opeᛘ

295 815 591 47 ri illius fatigatione, otio, & remißione, deperdi, ut

288.0 859.0 599.0 44.0 omne carum tempus longe quàm ſomnium ſit eis in

288.0 898.0 598.0 44.0 fructuoſius &c. Vt autem docere non permittuntur

287.0 935.0 600.0 47.0 ita doceri iubentur, ut Chriſtianæ ſint, & dei uerbũ

287.0 977.0 596.0 46.0 ignorent minimé. Hic maior querela locum habet.

324.0 1017.0 561.0 41.0 Nec dominari in uirum ] Fœdum eßet marito ſuᛘ

284.0 1057.0 594.0 48.0 perbiæ fomentum, contemptus uiri. Monere potest,

282.0 1095.0 596.0 48.0 rogare blandiri, ſed eſſe in ſilentio, parce loqui &

283.0 1135.0 600.0 57.0 breuiter, & cum reuerentia & timore, illico admo¬

824.0 1178.0 55.0 48.0 nita
