1000 1490
286 149 47 19 10

373 121 466 49 COMMEM. IN PRIOREM

309 172 613 60 luntas, quæ regula eſt iuſticiæ, & cuius non est quæ¬

313 216 607 53 renda ratio, homines ſumus, ipſe deus nihil nobis deᛘ

321 252 597 54 bet, uoluntate ſigni & antecedenti uult omnes ſal¬

317 294 282 48 uari dicunt ſcholaſtici.

354 334 566 54 Agnitio ueritatis] Id eſt, Chriſti qui ueritas eſt,

315 372 607 55 qui euangelium prædicauit, qui fidem ſalutis portũ

315 410 603 56 ſtatuit et iuſticiæ, lux mundi qui illuminat omnem hoᛘ

321 449 580 53 manem mamanæ ſeienttæ muilles & mendatium.

314 490 607 56 Chriſtum ſcire ſanctorum eſt, ſtultus fiat in hoc munᛘ

315 529 327 50 do ſit ut ſapiens & ſaluus.

361 569 558 49 Vnus enim deus, unus etiam conciliaᛘ

313 610 605 48 tor uel mediator dei et hominum homo

317 645 601 55 Chriſtus Ieſus, qui dedit ſemetipſum reᛘ

315 689 441 46 demptionem pro omnibus.

353 726 567 53 Hîc Apoſtolus ſummam Chriſtianæ fidei & ueriᛘ

319 766 592 48 tatis proponit, cuius ſolius agurit jiluos facit, o¬

314 805 604 51 mneis homines, qui ſcilicet agnoſcunt, non fimplici

313 845 607 52 notitia, ſed potius ſapientia, qui ſic nouerint, ut ſapi¬

311 885 607 54 ant etiã quàm ſuauis ſit dominus, hunc ergo tenorẽ

312 925 370 49 fidei & regulam diſcutiamus.

335 965 583 50 Vnus eſſe deus agnoſcitur, cum præter eum nihil

312 1004 601 50 aliud ſummum bonum deſideratur, colitur, amatur,

308 1044 605 50 antefertur, confertur, nihil. Non uenter, non caro,

312 1085 604 48 & ſanguis, aurum, honos, laus, & totus hic mundus

309 1125 608 59 Omnia hæc poſtponuntur, non uerbo & lingua, ſed

850 1167 66 46 cor¬
