1000 1490
301 112 35 59 62

376 120 448 55 COMMEN. IN PRIOREM

317.0 169.0 601.0 69.0 excellentiam, non colloquium tulißet, niſi in grati¬

317.0 215.0 600.0 62.0 am mulieris, conſortis, amicæ, cui cum hæc placere

314.0 251.0 600.0 63.0 uideret, Adam, delitias ſuas contriſtare non pote¬

314.0 312.0 599.0 45.0 rat, ſed acquieuit roganti mulieri attendens, præceᛘ

316.0 339.0 341.0 43.0 pti oblitus & parum curius.

346.0 370.0 560.0 64.0 Mulier ſeducta, obnoxia facta eſt præuaricatiõi ]

345.0 409.0 564.0 66.0 Seducta mendacijs, inuidia, dolo, blaſphemia diaᛘ

309.0 448.0 601.0 61.0 boli & permißione, diſpenſatione́ diuina. Non¬

309.0 490.0 602.0 62.0 dum iuſta, ſed iuſticiæ originem nacta, qua proficere

308.0 528.0 600.0 61.0 debuißet et progredi, gracia dei præſente, et præᛘ

307.0 571.0 601.0 60.0 cepto acepto retroceßit, tranſgreßa mandatum et

304.0 610.0 604.0 60.0 uerbis dei non credens, ſed primo infidelitatis pecᛘ

302.0 648.0 604.0 60.0 cato ſuperata, ſuperbia, auaritia, gu’a et luxuria de¬

302.0 688.0 605.0 61.0 cepta fuit, et uiro inſuper inſidiata blanditijs et in¬

299.0 729.0 605.0 59.0 ſtantia traxit in præuaricationem, ut pariter cum ea

300.0 767.0 601.0 58.0 cœperit dubitare ſi uero hæc deus prædixerit, morᛘ

298.0 808.0 604.0 59.0 tem ſcilicet imminere, quà poſt guſtum uideret ſu¬

297.0 847.0 603.0 59.0 peruiuentem, ut ipſe peauret, cui ſemel ſeductrix faᛘ

298.0 884.0 601.0 60.0 cta, poſt hac directricis et doctoris munus par nun

297.0 925.0 602.0 61.0 quã fuerit, uel æquũ præſtare, uel præſumere. Semel

295.0 965.0 602.0 56.0 tam pernitioſæ ſuaſioni conſentiens Adam, merito

293.0 1004.0 605.0 58.0 ſuſpectam habuit omnẽ mulieris informationẽ. Et

293.0 1042.0 601.0 63.0 ipſa experimẽto ſumptæ fragilitatis et inſipiẽtiæ cũ

293.0 1084.0 599.0 59.0 perfecta eßet, nunc bis miſera, et admonita ſui præᛘ

289.0 1121.0 524.0 69.0 ſumere doctrinã non audeat ſolidæ ueritatis

719.0 1171.0 171.0 49.0 Saluabitur
