1000 1490
160 153 476 48 TIMOTHEI EPISTOLAM.

668 142 40 64 45

67.0 197.0 615.0 69.0 onerentur ſollicitudine maiori prodeße cupientes

69.0 238.0 609.0 68.0 eis quibus ut ſeruiant à deo dati ſunt. Reges gentiũ

73.0 278.0 604.0 62.0 dominantur et benefici dicuntur. Non ſic reges fide

72.0 320.0 602.0 64.0 lium, hi ſciunt ſeſe tanto modeſtores eße debere,

73.0 355.0 602.0 68.0 quanto ſunt multorũ cõmodis deſtinati & obſequio

73.0 395.0 600.0 66.0 charitatis deuincti. Debetur eis honor, reuerentia,

73.0 432.0 606.0 68.0 timor et obedientia, et ſuſtentari à ſubiectis. Ipſi ui¬

81 473 587 64 cißim debent amorem, curam, tutelam, inſtructio¬

78.0 514.0 602.0 64.0 nem, conſolationem, regmen, coërtionem à malis

81.0 566.0 233.0 54.0 ac pœnam diſcolis.

121.0 590.0 562.0 65.0 Conſtituti] Non negligenter ol mittendum. Nõ

83.0 631.0 604.0 70.0 ſibi ipſis, prece precio, et inconſtantia, ſublimitas, et

84 673 606 64 regimẽ ambienda, ſed conſtitui debent ab alijs, nihil

86.0 709.0 602.0 69.0 niſi ſub ditorum bonum reſpicientibus, et non ſine cõᛘ

91 751 598 69 ſen ſu eorum, ut non tam ſeruitus, quàm adminiſtraᛘ

90.0 805.0 286.0 54.0 tio regmninis habeatur.

126.0 826.0 566.0 67.0 Vt placidam et quietam uitam agamus) Anniti

91.0 868.0 606.0 63.0 omni ſtudio debent reges, ut populus beneuolenter

92.0 908.0 607.0 67.0 et cum gaudio, nõ ex trifticia obediant, ſed placité

96.0 948.0 605.0 63.0 optemperet ex ſincero affectu, et ſine murmure et

96.0 987.0 608.0 66.0 diſpiciẽtia, ſi poſſet fieri ſine uiolentia, ut ſint omnia

98.0 1029.0 606.0 62.0 ſine tumultu, uiolentia, odio, ſeditione, rebellione,

100.0 1068.0 606.0 64.0 ſed Chriſtana pace conuerſentur, ut fratres, et do¬

99.0 1106.0 609.0 66.0 meſtici et diſcipuli Chriſti pacifici, modeſti, menſueti

99.0 1144.0 608.0 73.0 et humiles. Hæc eſt enim uita filicißima, plane́ beaᛘ

663.0 1190.0 43.0 40.0 ita
