1000 1490
172 131 482 67 TIMOTHEI EPISTOLAM.

688 135 47 54 47

67 196 337 55 nomen Chriſti, tyrannidis́.

87 227 583 61 Cedet in gloriam magnam religionis noſtræ, imò

69 268 596 58 & domini dei noſtri, qui per filium ſalualiit nos, ſi

70 311 600 56 pacifice, manſuete & ſedulo dominis obſéquemur,

69 346 597 62 ſubiecti omnibus in timore dei, monſtrantes optimi

69 385 599 61 optimas leges ſcriptas in cordibus noſtris. Et ex boᛘ

70 424 598 58 nis operibus nos conſiderãtes, glorifiẽat deũ dũ aliᛘ

71 464 594 59 quãdo reſpectu miſericordiæ à deo fuerint uiſitati,

70 509 593 50 et ad cor et piũ religiosu perducti, dominu; deũ noᛘ

70 544 589 57 ſtrũ ex fidelũ religiõe cognouerint, nobiscũ́ ueneᛘ

72 581 595 59 rari ceperint, ora iõibus noſtris domino cõmendari

103 621 565 58 Omne is hom. ] Eſt enim dominus deus ſummæ boᛘ

73 661 598 57 nus et nihil odit eorũ quæ condidit, neminem́ uult

74 699 597 59 perire, adeſt gratia ſua omnibus, ut ueniant ad agniᛘ

73 740 598 57 tionem uerit atis, quã per propheticas & euãgelicas

74 777 599 58 ac apoſtolicas fecit communẽ omnibus. videtur hic

76 817 598 53 denuo cõiunctio et, expoſitiué ſumi. Saluos uult fieri

76 855 602 56 et ad agnitionẽ ueritatis uenire, ut nihil ſit aliud a¬

81 899 592 54 gnoſcere ueritatem quã ſaluũ fieri. Etiã uult omnes

76 937 596 55 ſaluos ficri quia uocauit omnes, anũciatur omnibus

76 975 597 55 Chriſtus, pro omnibus mostuus eſt, omnes ad ſe tra¬

76 1014 599 55 hit, pro oibus tradidit ſemetipſum. contẽptores aũt

78 1054 597 56 dei et negatores nõ cõputẽtur inter oïa, ſed redigẽᛘ

77 1091 597 56 tur in nihilũ, ſi ſermoincidat quare nõ oẽs beatitudiᛘ

79 1133 599 66 nem aſſequãtur qui ſunt redẽpti, del allegabitur uoᛘ

586 1174 87 50 luntas
