1000 1490
267 114 37 63 56

335 129 461 39 COMMEN. IN PRIOREM

289.0 168.0 596.0 59.0 decet mulieres, promittentes (profiten¬

290.0 212.0 441.0 51.0 tes) pietatem per bona opera.

330.0 250.0 559.0 54.0 Mulieres post uiros docet Apoſtolus ne ſuperbiᛘ

287.0 290.0 602.0 53.0 ant de forma, amictu, moribus & ornatu, id quod a¬

289.0 331.0 601.0 49.0 gnatum ſolet mulieribus uitium, etiam alioqui opti¬

286.0 370.0 603.0 52.0 me licet ſint caſtæ et prudẽtes, ſed anumni ſuperbia et

288.0 408.0 596.0 54.0 ſpeciei corporis & ornatui præãpere uix poßunt.

288.0 448.0 601.0 53.0 Admittit ut habitu ornato ſint, non fœdo amictu et

288.0 489.0 601.0 52.0 immundo, quo abhominatio maritis ſint & adulte¬

288.0 527.0 600.0 54.0 rij ocaſio. Sed modeſto amictu, ut decet caſtas, uere

288.0 567.0 602.0 53.0 cundas & minimè irritatrices, mundæ, cleganter, et

288.0 605.0 601.0 56.0 honeſtè ueſtiantur, hoc est, ne nuditate & ſuperfluo

288.0 648.0 601.0 52.0 ornatu ueſtium, & exquiſita ſubtilitate & curioſita¬

288.0 685.0 601.0 55.0 te meretricibus aßimilentur, aparantq́; affectu pla¬

288.0 725.0 601.0 49.0 cendi, in plateis ueſtiri id enim Chriſtianas non deᛘ

288.0 765.0 598.0 51.0 cet, nec maritis placere poteſt, nec debet. Ornentur

288.0 805.0 597.0 51.0 autem legittimis monilibus, uerecundia ſcilicet, &

288.0 845.0 601.0 51.0 ſobrietate, ex uultu, oculis, inceſſu, uerbis, oſtenden¬

289.0 880.0 597.0 57.0 do inuitas ſe offerri uirorũ aſpectibus, & ab aliquo

288.0 934.0 598.0 44.0 deſiderari in malũ. Nullæ ſemper contegi, & egre

288.0 961.0 599.0 53.0 uidere uiros, multò moleſtius uideri. Etiam ad mari

288.0 1003.0 595.0 49.0 tum uerecundiam non poſtponant ſemper & ubiq;

288.0 1040.0 598.0 56.0 Gratioſißimũ enim monile uerecundiã habet, quiſ¬

289.0 1081.0 349.0 48.0 que ſapiens maritus extiterit.

326.0 1120.0 557.0 62.0 Sobrietate ] Ne uinolentia & crapula notetur

823.0 1167.0 59.0 62.0 ali¬
