1000 1490
275 150 33 63 50

362 147 423 49 COMMEN, IN PRIOREM

290.0 193.0 597.0 56.0 mortuus eſt. Et nos toties inuitat, pulſat, expectat

289.0 239.0 600.0 49.0 hortatur allicit, rogat & cogit aliquando. Venite

288.0 279.0 602.0 48.0 ait ad me omneis qui laboratis & onerati eſtis, &c.

291.0 317.0 599.0 51.0 Venite edite abſque argento & cæt. Audit nos ſemᛘ

291.0 355.0 600.0 56.0 per, adeſt, intendit ſingulis, quaſi non ſui eßent o¬

290.0 395.0 599.0 49.0 mnes, nõ diſtrahitur multitudine ſaluandorũ, omnia

290 433 598 51 nouit melius nobis, ſcit quibus indigeamus, præcepit

289.0 475.0 602.0 51.0 ut in ſolo ſuo nomine precaremur, honorẽ hunc ſuũ

290.0 516.0 479.0 47.0 alteri nõ defert, nec patitur communem.

324.0 552.0 567.0 52.0 Homo Chriſtus Ieſus] Mirum quomodo dubitaueᛘ

288.0 591.0 603.0 53.0 rint hominẽ Chriſtum fuiße quidà hæreticorũ qui

288.0 633.0 602.0 51.0 hic ſimpliciter homo dicitur: caro enim et frater no¬

288.0 672.0 601.0 51.0 ſter temptatus per omnia abſ peccato Et pro nobis

288.0 711.0 603.0 49.0 hominem nouißimũ ſe exhibuit & uermẽ, ut hominẽ

289.0 750.0 603.0 53.0 perditum redimeret. Et primogenitus ex multis fraᛘ

288.0 791.0 603.0 49.0 tribus chirographũ peccati deleret per crucẽ mortuᛘ

288.0 826.0 605.0 53.0 us uerè ut homo eßet, qui pro homine ſatiſfecit Chriᛘ

289.0 869.0 604.0 53.0 ſtus Ieſus unctiõe ſua conſecrãs gentes & paßione

290.0 909.0 589.0 51.0 ſaluans Iudæos, faciens utra unũ redemptorem.

331.0 948.0 561.0 47.0 Qui dedit ſemetipſum] Obtulit in remißionem

289.0 987.0 604.0 53.0 omniũ pecatorũ ſeipſum ſacrificiũ perfectũ et maxiᛘ

290.0 1026.0 599.0 50.0 mum, & omniũ præcedentiũ ſacrificiorũ ſcopũ &

291.0 1066.0 599.0 53.0 finem pro captiuis nobis cõmutationem ſufficientiſᛘ

292.0 1105.0 600.0 53.0 ſimã. Non raptus eſt inuitus, ſed ſua ſponte obediuit

293.0 1145.0 599.0 64.0 Semetipſum obtulit preciũ deo patri pro ſalute huᛘ

825.0 1187.0 68.0 49.0 mani
