1000 1490
175 137 470 50 TIMOTHEI EPISTOLAM.

672 117 43 66 41

80 183 615 67 non inficerentur, ideo prodidit eius malitias & ec¬

81 217 606 73 cleſiæ patefecit, & is reſipiſceret, & illi ſibi proſpi¬

82 257 605 71 cerent. Sic olim excõmunicatio in uſu erat, ſic publiᛘ

85 301 599 64 corum facinorũ propalatio & exhomologeſis in æ¬

86 339 600 65 dificationem & pacem eccleſiæ, utinam denuo hæ

86 390 350 56 conſuetudines reſumerentur.

240 424 289 54 CAPVT II.

98 473 97 126 A

219 455 473 63 Dhortor igit̃ uos, ut ante omnia

216 496 476 61 fiant deprecationes, obſecratio¬

213 536 478 60 nes, interpellationes, gratiarum

100 578 527 59 actiones pro omnibus hominibus.

143 611 561 65 Igitur cũ neceßitate habere militare militiã periᛘ

106 651 599 65 culoſam cũ fide et conſciẽtia opus ſit, ut malis immiᛘ

110 690 595 68 nẽtibus undi fortiter occurrere poßis, et agere ofᛘ

110 729 601 70 ficiũ Spiritu ſancto te uocãte cõmiſſum, quæ ſine dei

110 769 604 72 gracia & uirtute, nec à te, nec ab aliquo prælato haᛘ

111 828 170 53 beri poßunt.

155 849 562 62 Adhortor ] Non impero, non urgeo, importu¬

117 888 601 68 nus ut dominus, ſed ut fidelis pater cohortor filium

118 928 603 68 quem ſcto pro affectu ſincero, & filij amore non mi¬

122 969 599 66 nus complexaturum hortamentum, quàm feruus imᛘ

125 1008 600 66 perium. Non enim præceptum patris filius expecta¬

126 1044 604 68 re debet, ſed nutui ſolo inſinuaße beneplacitum fi¬

128 1083 604 71 lio tantum ſuffecerit, ut protinus ſedulo perficiat,

132 1125 603 78 quod patrem optare crediderit. Sic non mandatis,

533 1163 202 58 C 5 imperijs
