2442 3741
1996.0 147.0 94.0 83.0 142

742 152 218 72 CAPVT

1453 149 109 75 .III.

139.0 184.0 1893.0 102.0 non permitto.] Et diximus publice | ad differentiam doctrinę domeſticę : qua mater debet erudite filios

141.0 272.0 1880.0 62.0 & filias. NEQVE dominari pro. ne autoritatem habere | in virum. ] Directe hoc reſpicit vxores : quas

139.0 317.0 1878.0 59.0 nefas eſt autoritarẽ habere in maritos. SED eſſein ſilentio.] vt non ſolum opere ſed nec ſermone auto¬

143.0 369.0 1874.0 59.0 ritatem ſibi vſurpet in virum. ADAM enim primus formatus eſt, deinde eua.] Exordine quo moyſes

155 411 1859 69 narrat formationem adæ & euæ, probat virum præefſe mulieri & non econuerſo. ET ADAM non eſt

143.0 467.0 1868.0 58.0 ſeductus, mulier aurem ſeducta in pręuaricatione fuit. ] Eadem vtitur hiſtoria : in qua mulier ipſa pro¬

141.0 519.0 1870.0 65.0 feſſa eſt ſe ſeductã a ſerpente. adam vero nõ ſe excuſauit vt decęptum | ſed vt allectum ab vxore : vt ibi pa¬

141.0 565.0 1868.0 60.0 tet. Præſtat ita vir mulieri tum ordine formationis | tum vigore rationis. SALVABITVR autem per

139.0 613.0 1868.0 62.0 filiorum generationem ſi permanſerit, pro. ſi manſerint | in fide & dilectione & ſanctificatione cum ſo¬

141.0 660.0 1868.0 71.0 brietate pro. modeſtia.] Ordo literæ eſt. ſaluabitur autem ſi manſerint (ipſa & vir) per filiorum genera¬

143.0 710.0 1862.0 65.0 tionem in fide &c̃ ¶ Meritorium ſalutis aſtruit eſſe coningium mulieri : ex hoc ꝙ ſi ob filiorum genera¬

143.0 760.0 1860.0 63.0 tionem manſerit ſimul cum viro in fide &c̃ ſaluabitur ipſa mulier. Et per hoc intellige explicari pro¬

143.0 810.0 1860.0 64.0 prium munus ſexus. Non docet paulus ſalutem mulieris pẽdere a generatione filiorum (quum facilius

141.0 858.0 1862.0 64.0 ſaluetur virgo  coningata) ſed docet ꝙ vtendo officio ſexus | habet vnde ex ipſo vſu ſexus ſaluetur : hoc

139.0 912.0 1859.0 58.0 eſt ꝙ ad ſalutem eis operatur ſi ob filioꝶ generationem mãſerint cum viris ſuis in fide &c̃. Et ſi vis oẽm

137.0 962.0 1864.0 62.0 ſcrupulum ab hac lectione excludere, ordina ſaluabitur pro p̃dicato totius enunciationis : ordinando li¬

139.0 1007.0 1859.0 63.0 teram ſic.ſi permanſerint aũt per filioꝶ generationem in fide & dilectione & ſanctificatione cum mode¬

139.0 1057.0 1864.0 67.0 ſtia | ſaluabitur. Sic .n. clare ſignificatur ꝙ non pendet ſalus mulieris a filioꝶ generatione, ſed ꝙ acquirit̃

139.0 1105.0 1866.0 67.0 ei ſalus ſi ſic manſerint.¶ Et nihilominus aduerte ꝙ nõ de muliere ſed de vxore eſt ſermo: de qua dixerat

139.0 1161.0 1864.0 63.0 ne autoritatẽ habere in virum. de ipſa .n. ſubiungit ſaluabitur aſit &c̃. ¶ Et meminit ſpecialiter ſancti¬

141.0 1205.0 1866.0 73.0 taris ac modeſtię : quoniam tam mundicia in vſu coningii  moderatio in vſu rerum & gubernatione

139.0 1251.0 759.0 68.0 familiæ | peculiaris eſſe debet coniugatis.

174 1455 144 103 F

717 1298 651 67 CAPVT .III.

368 1362 1634 65 IDELIS ſermo. ] Proſequitur paulus particulam de corde puro | quo ad conſtitutos in ec¬

368 1396 1637 78 cleſiaſticis miniſteriis. Præponit aurem huic tractarui fidelis ſermo | ad ſignificandam veri¬

371 1452 1631 75 tatem dicendorum : ne quis imputaret paulo ꝙ nimis exigeret ex ꝓprio capite in epiſcopis

364 1502 1638 78 & diaconis. Totum hoc excluditur | dicendo fidelis ſermo. ſignificatur enim ꝙ eſt fermo fide¬

143.0 1556.0 1858.0 60.0 lis domino, ꝙ eſt iuxta fidem quam debet paulus domino | & non ẜm propriam ſententiam. SI QVIS

143.0 1602.0 1862.0 71.0 epiſcopatum deſiderat | bonum opus deſiderat.] Initium fidelis ſermonis eſt ſi quis ſuperintendentiã

143.0 1656.0 1862.0 60.0 cupit, bonum (ſeu præclarum) opus deſiderat. Non dicit ſi quis dignitatem | ſi quis gradum | ſi quis pro¬

141.0 1704.0 1866.0 62.0 uentus | ſi quis honores | ſi quis gloriam epiſcopatus : ſed ſi quis ipſum epiſcopatũ (hoc eſt ipſam ſuperin

141.0 1747.0 1864.0 75.0 tendentiam | ipſum ſuperintendere) deſiderat, proculdubio deſiderat opus quum ſuperintẽdere ſit opus,

139.0 1808.0 1870.0 56.0 non qualecun ſed opus bonum ex ſuo genere | immo opus pręclarum ex proprio genere. Nec hoc eget

141.0 1849.0 1864.0 73.0 probatione aliqua : quoniam manifeſte conſtat ſic eſſe. Nullum ita peccatũ eſt ex proprio genere | deſi¬

141.0 1905.0 1864.0 59.0 derare epiſcopatum: hoc eſt ipſum ſuperintendere. Secus autem eſt de appetitu gradus | honoris | prouen¬

141.0 1945.0 1866.0 68.0 tuum & huiuſmodi. nihil enim horum eſt opus bonũ: quum nec ſit opus. OPORTET enim. pro. igit̃ |

141.0 1997.0 1864.0 68.0 epiſcopum irrepręhenſibilem eſſe.] Ex ratione excellentis bonitatis huiuſmodi operis quod eſt ſupin

141.0 2053.0 1868.0 58.0 renderejillariue dicit oporter igirur epiſcopũ eſſe irreprȩhenſibilem. Et hæc eſt prima conditio epiſcopi

141.0 2099.0 1868.0 62.0 relatiue ad malos mores | vt nihil in eo ſit repręhenſibile. Et vere ex eo ꝙ aliis ſuperintendit repręhendẽ¬

143.0 2153.0 1868.0 56.0 dis, manifeſte infertur ꝙ oportet ipſum eſſe irrepręhenſibilẽ. qua enim fronte poreſt alios repręhendere

145.0 2200.0 1866.0 65.0 qui repręhenſibilis eſt. diceretur nã ei | medice cura teipſum. VNIVS vxoris virum.] Secũda condi¬

143.0 2242.0 1866.0 67.0 tio negatiue intelligenda eſt : hoc eſt non plurium vxoꝶ virum. Non enim exigit paulus ab epiſcopo ꝙ

141.0 2296.0 1870.0 60.0 fuerit aut ſit coniugatus (qui conſulit meliorẽ eſſe cœlibatum | ſcribendo ad corin.) ſed exigit ꝙ ſi habet

145.0 2342.0 1866.0 64.0 vrorẽ ſit vir vnius vxoris. Sic .n. litera ſonat | dicendo eſſe. Quo contra de vidua inferius dicet in ca. 5. nõ

145.0 2398.0 1864.0 66.0 præſenti ſed p̃terito vtens tẽpore | quæ fuerit vnius viri vxor. Et dixit hoc, quia tunc tẽporis multi plures

147.0 2448.0 1862.0 62.0 vxores habebant | imitantes patres veteris teſtamenti : quũ nullibi legamus hoc prohibitũ. SOBRIVM

145.0 2498.0 1862.0 68.0 pro. vigilem.P Tertia cõditio vigilantiã ſumme neceſſariam ſupintendenti explicat. PRVDENTEM

147.0 2548.0 1862.0 66.0 pro. modeſtum.] Quarta conditio ſumme quo eſt neceſſaria ſuꝑintendenti. vt vigilantia comitem

147.0 2595.0 1860.0 59.0 habeat moderationẽ : vt ipſe ſic ſit vigil vt tñ ſit modeſtus | & ſic modeſtus vt tñ ſit vigil. ORNATVM.]

145.0 2645.0 1864.0 71.0 proculdubio cõpoſitione geſtuum | actionũ | eloquii | & aliis bonis moribus. PVDICVM.] Superfluit

152 2687 1853 78 pudicum. Sexto .n. loco dr̃. HOSPITALEM.P Rara eſt hęc hodie virtus. DOCTOREM.] nõ laurea,

147.0 2745.0 1862.0 62.0 ſed ſcientia ſufficiente ad docendũ. NON vinolentũ. pro. non vinoſum.] hoc eſt deditũ vino. NON

149.0 2793.0 1862.0 68.0 percuſſorẽ.] Quãuis paulus de iniuſta pcuſſione loquatur, turpe tñ eſt ep̃o eriam iuſte ꝑcutere, debet .n.

149.0 2843.0 1862.0 62.0 aliena non ꝓpria manu ꝑcutere delinquentes. ¶ Poſt non ꝑcuſſorem | deficit vna particula. ſ. NON tut¬

149.0 2895.0 1864.0 62.0 pilucrem. ] Hęc eſt .n. decima cõditio in textu pauli : clare ſonans ꝙ ep̃s alienus eſſe a turpi lucro debet.

151.0 2942.0 1866.0 69.0 Quod ſi ſeruaret̃, non audirent̃ lucra tam turpia vt turpe ſit ea dicere. Nec loquor de ſimonia, ſed ꝓprie

149.0 2992.0 1870.0 58.0 de turpi lucro ſparſo nimis in ep̃is eccleſiarũ chriſti. SED modeſtũ. pro. ſed mitem.] Eſſe mitem plus

146 3030 1859 124 eſt  eſſe manſuetũ mitis enim non ſolum iram tẽperat, ſed dulcedinẽ quãdam adhibet. NON litigo¬
