2382 3718
871 120 285 75 PRIORIS

1541 108 521 87 AD TIMOTHEVM

464 163 1831 93 ex quo vnus eſt mediator dei & hominum ad reconciliandum homines deo, illi vni incumbit mediare

466 239 1833 66 inter deum & omnes homines. Et propterea idẽ ſequitur.ſ.ꝙ deus vult omnes homines ſaluos fieri & ad

466 289 1831 64 agnitionem veritatis venite | ex hocipſo ꝙ vnum conſtituit mediatorẽ dei & hominum. Qui tanto ma¬

468 331 1830 77 gis omnium hominũ mediator eſt ad deum quãto ipſe eſt homo | quãto ab ipſo nihil humani alienum

466 380 1835 76 eſt. QVI dedit redemptionẽ ſemetipſum pro omnibus. ] Ab effectu manifeſtat ꝙ etiam mediator vult

464 429 1839 72 omnes homines ſaluos fieri & ad agnitionẽ veritatis veniretex hocipſo ꝙ dedit ſemetipſum precium ad

466 479 1837 72 redimendum nõ aliquos ſed omnes. Quod veriſſimum eſt non ſolum quãtum ad ſufficientiam ſed etiã

468 534 1835 65 quãtum ad efficientiam: pro quãto omnes redemit a morte corporis reſuſcitando oẽs in nouiſſimo die.

468 582 1835 66 VCVIVS teſtimonium tẽporbus ſuis confirmatũ eſt.] Superfluunt tres dictiones; cuius cõfirmatum

468 623 1839 79 eſt. Legendum ſiquidẽ eſt appoſiriue. dedit redemptionẽ ſemetipſum pro omnibns appoſitiue teſtimo¬

471 679 1836 70 nium tẽporibus ſuis. Vere teſtimoniũ diuinæ voluntatis q vult omnes homines ſaluos fieri & ad agni¬

468 725 1837 74 tionem veritatis venire | dedit chriſtus dando ſeipſum redemptionẽ pro omnibus. dedit autẽ hoc teſti¬

473 774 1834 74 monium tẽporibus propnis definitis a diuina ſapientia. Et addidit hoc, ne quiſꝗ diceret tardum fuiſſe

471 830 1838 64 teſtimonium reſpectiue ad eos qui præceſſerãt aduentũ chriſti omnis enim tam tarditas  anticipatio

473 877 1834 71 excludirur dicendo tꝑibus ſuis. IN QVO. pro. in quod.) videlicet teſtimonium ꝓmulgandũ mundo.

475 929 1832 64 POSITVS ſum ego p̃dicator pro. pręco. ] Officium p̃conis eſt publicare: & paulus publicabat teſtimo¬

475 979 1834 57 nium datum a chriſto. ET apoſtolus.] Ne vſurpatũ aut vile pręconis officium putaretur, adiunxit &

475 1024 1832 64 apoſtolus | proculdubio chriſti. ¶ VERITATEM dico. ] Deficit. IN chriſtomnõ mentior.] Parenthe¬

473 1072 1836 70 ſis eſt hęc, explicans officium pręconis & apoſtoli paulũ agere vtran cõplectendo partẽ : videlicet non

475 1125 1834 64 mentiri & veritatẽ dicere chriſto teſte. vt nulla falſitas mixta verirati intelligatur. DOCTOR gẽtium in

473 1173 1836 70 fide & verirate.] Non ſolum pręco & apoſtolus ſum veritatis, ſed ſum ſpecialiter doctor gentiũ in fide

473 1222 1836 68 non in pħia, ſed non in fide vana | ſed & veritate. Doceo gentes veritatẽ | non figmenta : verum non in eui¬

473 1272 1667 68 dentia ſcientifica ſed in fide. & hæc oĩa ago ad publicandũ teſtimonium quod dedit chriſtus.

496 1332 68 111 V

583 1326 1721 71 OLO ERGO viros. ] Tractat illam particulam | de corde puro. Continuat aũt exercens officium

589 1360 1718 80 doctoris gentium. ORARE in omni loco, leuantes puras manus ſine ira & diſceptatione.] Di¬

471 1421 1842 60 xerat dñs | ſi offers munus tuum ante altare & recordatus fueris ꝙ frater tuus habet aliꝗd aduerſum te &c̃

473 1470 1838 60 extendit paulus ad omnẽ locum idem pręcęptum. Docet ſiquidẽ ꝙ non ſolum ante altare ſed in omni

475 1522 1838 60 loco in quo ꝗs orauerit oportet leuari manus mundas ſine ira & diſceptatione. Nec eſt ſermo de mẽbris

473 1565 1840 62 corporeis ſed de operibus. impedimenta ſiquidẽ orationis vbicũ oretur, impuriras operdĩ | ira & conten¬

473 1611 1842 72 tio ſunt ¶ Et excluduntur ad literam duo crimina. Alterum auariciæ occupantis, dicẽdo puras manus.

473 1666 1842 69 cõmuni ſiquidem vſu occupantes aliena dicimus nõ habere manus puras. Alterum diſcordiæ cum ꝓxi¬

473 1718 1842 58 mo: dicendo ſine ira | intus, & diſceptatione extra. hæc enim duo purganda ſunt ante orarionẽ, auaricia

473 1759 1840 69 reſtituendo & diſcordia recõciliatione. Et meminit mundiciæ ab his criminibns tantũ: quia reliqua eri¬

477 1817 1840 58 mina interna pœnitentia purgantur, hęc autẽ exigunt etiam externam reſtitutionẽ & reconcilianoné.

473 1863 1842 64 ¶ SIMILITER & mulieres in habitu. pro amictu | ornato cum verecundia & ſobrietate. pro. modeſtia,

477 1908 1838 68 ornantes pro ornate | ſeipſas.] Quẽadmodum a viris abſtulit impedimẽta orationis tan ꝓpria viris,

475 1960 1842 62 ita a mulieribus tollit impedimenta orationis quæ ſunt velut propria mulieribus. Vnde quod dicit in

475 2011 1840 62 amictu ornato, ſic dicit quẽadmodum dixerat in omni loco. Vtrũ enim recenſetur ad explicandũ mo¬

473 2059 1849 66 dum ſeruandũ | a viris quidem in quocũ loco orauerint: a mulieribus vero in quocũ amictu omnato.

477 2110 1840 62 Et explicatur modus dicendo cum verecũdia & modeſtia ornare ſeipſas. Vtra pars valde cõgruit mu¬

473 2158 1844 66 ueribus: ne ornatus ſit inuerecũdus, & ſimiliter ne ſit imoderatus. Vnde imoderationẽ ornatus explican¬

475 2206 1842 64 do ſubiungit. NON in tortis crinibus aut auro aut margartis.] Primiriuę eccleſię tẽpori congrue¬

475 2255 1845 64 bat hoc pręcęptum:eo ꝙ tunc mulieres quæ ſe chriſtianas ꝓfitebantur | omnia huiuſ modi a ſe abdica¬

473 2305 1847 66 bant tan ſuperflua & vana. Vnde hodie quũ multę principes & reginę quibus ẜm ſtatum cõgruit or¬

475 2356 1849 68 nare ſe auro & margaritis | chriſtianę ſint, non contra pauli præcęptũ his vtuntur. VEL veſte precioſa

475 2408 1851 64 pro. ſumptuoſa.] Dixerat in amictu omnato | & declarauerat imoderatum omatum:declarat modo ami¬

475 2455 1849 62 ctum, inhibendo veſtem ſumptuoſam. Et ꝙ tẽporale fuerit huiuſmodi pręcęptũ | aurea veſtis ceciliæ te¬

475 2505 1849 62 ſtatur. SED QVOD. pro. quę | decet mulieres ꝓmittentes. pro. profirentes | pietatẽ per opera bona.] Re¬

473 2553 1853 64 latiuum quę ad veſtem refertur. & vult veſtem cẽ talem quę deceat mulieres profirentes per bona opera

475 2602 1853 66 (hoc eſt profitentes non tantũ vetbis ſed factis) pietatẽ:hoc eſt cultum diuinũ. Dictio ſiquidem græca

475 2654 1859 60 non ſignificat pietatẽ in genere, ſed eam quæ eſt erga deum. Perpende ex his omnibus impedimenta ora

473 2701 1855 64 tionis in mulienbus vbicũ orent eſſe cõtraria prædictoꝵ: vtpote appetitum muliebrẽ deprimentia ad

475 2751 1853 66 hȩc vana ne eleuetur illarũ mens in deũ. ¶ MVLIER in ſilentio diſcat cum omni ſubiectione.] Poſt

473 2802 1855 62 cor purum tam in viris  in mulieribus declarauit relatiue ad orationẽ, declarat in ſpecie puritarem cor¬

477 2852 1853 62 dis in muliere relatine tum ad diſciplinã & doctrinam | tum ad dominiũ. Et qm̃ mulier eget vt docearur,

473 2897 1857 71 modum explicat tum quo ad linguã | dicendo in ſilentio. Non vult ꝙ in eceleſia interroget doctorem do¬

475 2949 1855 62 centem, ſed ꝙ audiat quidem & diſcat ſilendo:ſi quid aũt reſtat dubii | virum domi interroget. Tum quo

471 2989 1839 143 ad reuetentiã cum omni ſubiectione | interna & externa ¶ DOCERE autẽ ] ſupple publice. MULIERE
