2448 3724
1936.0 93.0 100.0 122.0 141

661 114 236 87 CAPVT

1460 121 96 80 .II.

99.0 177.0 1870.0 81.0 præceflerunt prophetiæ de timotheo. Er quãtum ex his coniicitur, ab aliqua ſeu aliquibus ſpiritualibus

101.0 244.0 1862.0 64.0 perſonis prædicta fuerant multa bona ſpiritualia timotheo acceſſura, quæ tam paulo ꝗ̃ timotheo nota¬

103.0 287.0 1860.0 72.0 erant. & propterea animum timothei accendit ex talibus pręcedentibus prophetiis. Er eſt ordo literæ. vt

101.0 337.0 1860.0 70.0 fm pręcedentes in te (ſeu ſuper te ſeu ad te) prophetias milites in illis (prophetiis: hoc eſt in ꝓphetaris

101.0 395.0 1856.0 68.0 per illas ꝓphetias) bonam militiam | agas bonum militem. HABENS fidem & bonam cõſcientiam.]

101.0 442.0 1858.0 69.0 Applicat ad ipſum timotheum quę in genere dixerat de fide & cõſcientia bona, vt timotheus ſit primus

99.0 492.0 1860.0 66.0 ibi habens fidem & cõſcientiam bonam: vtpote qui pręſidebat epheſi. QVAM quidã repellentes. pro¬

101.0 531.0 1858.0 75.0 qua quidam repulſa.] Et relatiuſi qua refert bonam cõſcientiam: ad oſtendendum quãti pendenda eſt

99.0 579.0 1860.0 78.0 bona cõſcientia | hoc eſt bona applicatio ſcientię. CIRCA fidem naufragauerunt, pro. naufragium fece¬

101.0 631.0 1856.0 76.0 tunt.] Ecce periculum ac dãnum non ſe uatę bonę cõſcientię inde ſiquidẽ iacturam incurrerunt fidei.

101.0 680.0 1856.0 77.0 Male ſiquidẽ applicando ſcientiam | incurritur error in fide : & ſic paulatim perdit̃ fides. EX QVIBVS eſt

101.0 730.0 1856.0 76.0 hymenęus & alexander] Nihil inuenio autentice ſcriptũ de his duobus qui repulſa bona conſcientia

101.0 784.0 1852.0 72.0 perdiderunt fidem. QVOS tradidi ſatanæ.] corporaliter vexandos: vt de corinthio inceſtuoſo expli¬

99.0 835.0 1856.0 69.0 catur. VT diſcant nõ blaſphemare.] Quẽadmodum corinthium excõicando tradidit ſatanę ẜm car¬

99.0 883.0 1856.0 64.0 nem vt ſpũs ſaluus fieret, ita iſtos excõicando tradidit ſatanę vt diſcant huiuſmodi pœnis non blaſphe¬

101.0 926.0 1852.0 71.0 mate. Inſinuat .n. hinc ꝙ ieſum chriſtũ blaſphemabant iſti perdita fide. Et forte iſti erant doctores docen¬

101.0 978.0 1846.0 72.0 tes aduerſus chriſtum poſt a fide ceciderunt. & ꝓpterea dicit vt diſcant non blaſphemare.

671 1042 223 59 CAPVT

1168 1042 71 56 .II.

124 1225 155 81 O

313 1089 1641 62 BSECRO. pro. adhortor | igitur primum omnium.] Tractata neceſſitate quare reliquerat ti¬

313 1120 1644 84 motheum epheſi | incipit proſequi propoſita. Vnde tan ad propoſita exequẽda rediens | illa¬

316 1166 1641 84 tiue dicit adhortor igitur. Propoſuerat autẽ ꝙ finis præcępti eſt dilectio de corde puro &c̃. &

313 1219 1644 87 propterea ab executione dilectionis erga omnes inchoat. Primus antẽ & cõmuniſſimus dile¬

99 1274 1858 72 ctionis actus erga omnes eſt oratio. & ideo tractans illam parriculã dilectio | hortatur ante omnia orari

97.0 1324.0 1860.0 78.0 pro oĩbus. FIERI obſecrationes. pro. preces.] petitorias. ORATIONES. ] hoc eſt mentis eleuationes

99.0 1373.0 1860.0 71.0 in deũ. POSTVLATIONES. pro. interceſſiones. ] Quę differunt à precibus in hoc ꝙ preces reſpiciunt

97.0 1415.0 1862.0 82.0 rem petitam: interceſſiones autẽ medię ſunt ad recõciliandum homines deo. GRATIARVM ACTIO¬

101.0 1470.0 1858.0 81.0 NES.] pro beneficiis accęptis. PRO omnibus hominibus.] Ecce extenſio dilectionis ad omnes ho¬

101.0 1514.0 1858.0 76.0 mines ſiue chriſtianos ſiue non chriſtianos. nam nõ dicit pro omnibus fratribus ſed omnibus homini¬

101.0 1570.0 1858.0 72.0 bus. PRO regibus] qui tunc nõ erant chriſtiani. Vult pro omnibus hominibus in genere | pro regi¬

101.0 1619.0 1858.0 79.0 bus autẽ in ſpecie orari. Nec ſolum pro regibus ſed ET OMNIBVS qui in ſublimitate cõſtituti ſunt. ]

99.0 1669.0 1864.0 77.0 Omnes temporales dños cõpręhendit | generali nomine fublimitaris ſeu excellentię. VT QVIETAM &

99.0 1710.0 1862.0 87.0 tranquillam vitam agamus] Non cõcordant omnino interpretes circa hȩc vocabula. Verũ parui re¬

97.0 1758.0 1866.0 83.0 fert tranquillam & quietã vitam an placidam & quietã ſeu tacitam dixeris. Id tamẽ aduertendum eſt ꝙ

97.0 1810.0 1866.0 83.0 quum dixiſſet tum pro omnibns hoĩbus tum pro regibus & dñis, prius more ſuo declarat poſtremum. ſ.

97.0 1855.0 1866.0 91.0 quare pro regibus & in celſitudine cõſtituris | vt quietam & tranquillã vitam &c̃. Siquidem ſermo pauli

95.0 1905.0 1870.0 89.0 formalis eſt | quũ dicit pro regibus & tẽporalibus dñis orandum: videlicet quatenus regunt & dominant̃

103.0 1961.0 1860.0 74.0 vt regimen eorũ iuſtum ſit. nam inde ſequitur iſte fructus vt tranquillã & quietam vitam agamus chri¬

101.0 2004.0 1864.0 89.0 ſtiani. IN OMNI pietate & caſtitate. pro. honeſtate.] Ne quietem & tranquillitatẽ vitæ apperãt chri¬

99.0 2062.0 1866.0 81.0 ſtiani abſolute ſed relatiue ad virtutũ oꝑa | adiungit virtutem pietatis erga parẽtes patriã &c̃. & vniuerſæ

105 2104 1678 99 moꝶ grauiratis. Et dicit in oĩ, vt nulla pars pietatis | nulla pars honeſti moris prętermittatur.

114 2172 1852 77 HOC ENIM bonum eſt.] Pronomen hoc demõſtrat orare pro omnibus hominibus. Et quod primo

101.0 2205.0 1866.0 89.0 dixerat (.ſ. pro omnibus hominibus orandũ) manifeſtat hoc eſſe bonum in ſe. ET accęptũ coram ſal¬

101.0 2248.0 1864.0 85.0 uatore noſtro deo. ] Non ſolum eſt in ſe bonũ ſed gratum deo. Quẽ nominat ſaluatorẽ, quia ex officio

101.0 2298.0 1864.0 93.0 ſaluandi manifeſtat intentum | ſubiungens. QVI omnes homines vult ſaluos fieri & ad agnitionẽ veri¬

101.0 2352.0 1866.0 83.0 taris venire.] Non eſt hic ſpeculatiue theologe ſermo de voluntate bñplaciti : de qua ſcriptũ eſt, omnia

103.0 2406.0 1866.0 78.0 quę voluit dñs fecit in cœlo & in terra & ꝙ volũtati eius nullus poreſt reſiſtere, vt clare patet ex eo ꝙ vi¬

99.0 2449.0 1868.0 93.0 demus non oẽs homines ad agnitionẽ veritatis venire. Sed eſt ſermo de voluntate ſigni : qua deus ꝓpo¬

101.0 2501.0 1868.0 89.0 nit omnibus hominibus pręcępta ſalutis doctrinã euangelicant & illis imputatur qui nolunt venire

101.0 2544.0 1868.0 89.0 ad veritaris cognirionẽ & nolunt ſalui fieri. de qua ſcriptũ eſt, quotiens volui cõgregare filios tuos & no¬

99.0 2596.0 1870.0 91.0 luiſtis. Ex hoc enim ꝙ deus ſalutem & agnitionẽ omnibus vult proponendo, monſtratur gratum illi eſſe

103.0 2644.0 1871.0 93.0 & pro omnibus oremus, & ſimul inſinuatur quid eſt petendũ orando pro omnibus | videlicet vt ſaluent̃.

105.0 2699.0 1869.0 87.0 ⁋ VNVS enim deus. ] Manifeſtat ꝙ deus vult omnes homines ſaluos fieri & ad agnitionẽ veritatis ve¬

101.0 2747.0 1873.0 79.0 nite, tum ex vnitate dei.ex hoc enim ꝙ non niſi vnus eſt deus | omnium hominũ curam illi vm incũbere

99.0 2795.0 1875.0 86.0 manifeſtatur: & quũ ſit natura bonus, conſequens eſt vt omnibus proponat ſalutẽ & agnitionem verita

101.0 2848.0 1873.0 85.0 tis. Si nã eſſent plures dii, cogitari poſſet ꝙ vnus deus haberet curã ſaluandi aliquos homines | & alius

103.0 2896.0 1871.0 85.0 haberet curam ſaluandi alios: ſed vbi vnus tantũ eſt deus, illi vni incumbit cura omnium. Tum ex vni¬

103.0 2941.0 1873.0 87.0 tate mediatoris | ſubiugendo. VNVS mediator dei & hominũ homo chriſtus ieſus.] Si płutes eſſent

103.0 2987.0 1875.0 143.0 mediatores inter deũ & hominẽ, exiſtimaretur ꝙ vnus eſſet mediator pro quibuſdã de alius pro aliis ſed
