2419 3720
750.0 111.0 356.0 91.0 PRIORIS

1513.0 97.0 535.0 105.0 AD TIMOTHEVM

458.0 188.0 1857.0 76.0 miſſis inuenitur huiuſmodi integra ſalutatio in fine niſi in epiſtola ad colo. in qua legitar. gratia cum

458.0 258.0 1859.0 62.0 omnibus vobis amen, & non dicitur domini noſtri ieſu chriſti &c. ¶ Et apud gręcos inuenit ſubſcri¬

456.0 305.0 1727.0 69.0 ptio talis. Ad theſſalonicẽſes ſecũda ſcripta athenis. ¶Caietę die. XVII. martii. M.D.XXIX.

554.0 407.0 1678.0 153.0 THOMAE DE VIO CAIETA¬

758.0 531.0 1282.0 80.0 NICARDINALIS SANCTI XISTI. IN

889.0 591.0 1002.0 109.0 PRIOREM EPISTOLAM PAVLI AD TI¬

977.0 682.0 838.0 72.0 MOTHEVMCOMMENTARII.

1317.0 847.0 82.0 60.0 ❧

502 1469 443 130 P

1013.0 936.0 1312.0 70.0 AVLVS apoſtolus ieſu chriſti ẜm imperium del ſaluatoris noſtri &

1008.0 994.0 1315.0 70.0 Deeſt. domini ieſu chriſti ſpei noſtrę.] Non ſolum ſe apoſtolũ ieſu chri¬

1011.0 1041.0 1314.0 72.0 ſti explicat ſed apoſtolatum ipſum explicat non quęſitum ſed iniunctũ

1013.0 1099.0 1312.0 56.0 ſibi a deo ſaluatore noſtro: naturam exprimens diuinam & officium ſal¬

1011.0 1144.0 1312.0 60.0 uandi nos. vt intelligamus iniunctum ei fuiſſe apoſtolatum ad exequen¬

1011.0 1190.0 1312.0 64.0 dum officium ſalutis noſtræ. Nec tantum a deo ſed etiam ab homine do¬

1013.0 1235.0 1312.0 77.0 mino ieſu chriſto iniunctum ſibi explicat. Et dicit domini, eo ꝙ ad ſtatũ

1011.0 1295.0 1314.0 62.0 dominii iam peruenerat ieſus chriſtus quum iniunxit apoſtolatum pau¬

1013.0 1345.0 1312.0 58.0 lo. Adiungit  ſpei noſtrę, eo ꝙ chriſtus imortalis iam & glorioſus ẜm

1008.0 1395.0 1320.0 57.0 corpus | eſt ſpes noſtrę futurę bearitudinis. chriſti nan reſurrectioni in¬

1011.0 1442.0 1317.0 58.0 nititur ſpes noſtra ꝙ erimus quo nos immortales ẜm corpus. TIMO¬

1019.0 1492.0 1311.0 58.0 THEO dilecto. pro. germano.] Eadem dictio haberur hic quæ habita

1004.0 1539.0 1326.0 62.0 eſt ad philip. dicendo rogo te germane (ſeu germana )compar. Quadrat

465.0 1591.0 1863.0 60.0 autem dictio illa tum ęquali tum minori. vnde & ibi dictum eſt germana compar | & hic dicitur ger¬

467.0 1632.0 1861.0 75.0 mano filio. Significat enim vere ac confone eſſe talem. vnde germanus filius eſt qui vere eſt conſonans

471.0 1688.0 1861.0 66.0 patri filius. FILIO in fide.P ad differẽtiam filii naturalis. vt enim patet act. 1o.paulus aſciuit ſibi timo¬

469.0 1733.0 1861.0 65.0 theum. quem ex his verbis apparet a paulo fuifle conuerſum ad fidem:alioquin nõ appellaret ipſum fi¬

469.0 1787.0 1863.0 66.0 lium in fide. GRATIA & miſericordia & pax.] Superfluunt coniunctiones. Noua ſalutatio. nam ha¬

469.0 1837.0 1861.0 62.0 ctenus ſalutauerat gratia & pax | modo tria dicit gratia miſericordia pax, ea ratione ꝙ pręlatis maxime

467.0 1886.0 1863.0 60.0 neceſſaria eſt miſericordia:tanq̃ loco dei cui proprium eſt miſereri | pręſint. A DEO patre & Deeſt. domi¬

467.0 1946.0 1865.0 54.0 no | ieſu chriſto domino noltro. ] Bis dicit domino. Iemel ablolute | domino ieſu chriſtoriterum relati¬

467.0 1990.0 1865.0 62.0 ue ad nos domino noſtro. Eſt ſiquidem abſolute dominus omnium, & eſt peculiariter dominus noſter

467.0 2031.0 455.0 62.0 tanq̃ ſponte ſeruorum.

486 2111 53 90 S

561 2086 1768 59 ICVT rogaui te. ] Completa ſalutatione inchoat tractatum epiſtolarem. Vbi aduerte ꝙ aduer¬

561 2123 1758 74 bium ſicut non habet in textu aliquid correſpondens ad complendam orationem vſ ad calcem

471 2180 1857 64 huius capituli, vbi dicitur | hoc pręcęptum commendo tibi. ita ꝙ illic compler paulus orationem quã

471 2229 1857 65 hic inchoat. Et eſt ſenſus. ſicut rogaui te &c̃. ita hoc pręcęptum commẽdo tibi | quemadmodum olim

469 2283 1861 62 rogaui te nunc tibi commendo hoc præcęptum. Vnde omnia interiecta ab hinc illucuſ | vere inter¬

467 2331 1838 66 iecta ſunt ad explicandum neceſſitatem pręcępti | & quod olim dederat & quod modo commendat.

475 2382 1855 62 VT remaneres epheſi quum irem in macedoniam, vt denunciares. pro. vt pręciperes | quibuſdam ne

469 2430 1859 68 aliter docerent.] Dictio græca interpretata aliter docerent compoſita eſt ex alio & doctor : varietatem

469 2484 1863 58 doctorum clare ſignificans. Mandauit paulus timotheo vt præciperet quibuſdam ne eſſent varii do¬

467 2531 1863 64 ctores: quod eſſet variam inducere doctrinam. Et quantum ſubiuncta inſinnant, aduerſus illos loqui¬

469 2585 1861 54 tur qui aliam de legalibus doctrinam inducebant. nam tales doctores explicabit paulo infenus. NE¬

471 2628 1857 69 QVE intenderent fabulis.] Thalmudicas fictiones prohibet. ET genealogiis interminatis.] Non

467 2680 1863 66 dicit ne intenderẽt genealogiis | ſed addit interminatis : quę ſcilicet ſunt ſine termino in ſacris ſen au¬

469 2732 1861 55 tenticis ſcripturis, multę enim genealogię tunc temporis erant interminatę. Et rationem huius vltimi

467 2779 1830 62 ſubdit. QVÆ quæſtiones præſtant magis ꝗ̃ ædificationem. pro. diſpenſationem | dei quæ eſt in fide]

469 2827 1859 70 Interminatę ſiquidem genealogię ꝙ prębeãt quęſtiones | clarum eſt. Et q magis multiplicandis quæ¬

467 2878 1863 64 ſtionibus proſint ꝗ̃ diuinę diſpenſationi ſeu gubernationi quam exercet deus in fide | paulus docet.

467 2922 1867 72 nam ad dei gubernationẽ qua gubernat ea quæ ſunt fidei | parum aut nihil prodeſt notitia huiuſmodi

463 2976 1871 66 genealogiaꝶ : vt patet de multis genealogiis quas hẽmus in libris paralipo. ⁋ FINIS autẽ p̃cępti eſt di

469 3023 1865 122 lectio. ] Dixerat vt p̃ciperes ꝗbuſdã ne vati eſſent doctores, ꝑꝑea vnitatẽ finis oĩum p̃cęptoꝶ legis
