2410 3722
806.0 105.0 309.0 79.0 PRIORIS

1561.0 90.0 530.0 98.0 AD TINOTHEVM

475.0 163.0 1843.0 89.0 chriſti, fed & violentiam intulerat: vt patet in actibus apoſtolorũ. SED. Deficit et miſericordiam dei cõ¬

475.0 237.0 1841.0 64.0 ſequutus ſum.] Superfluir dei. QVIA ignorans feci in incredulitate.] Rõnẽ ex parte qualitatis pec¬

479.0 287.0 1833.0 62.0 cati reddit quare miſericordiam conſequutus ſit | quia ignoranter peccauit in ſtatu incredulitatis. Ita ꝙ

482.0 334.0 1834.0 65.0 ignorãs refert̃ ad vtrun : tum ad feci tum ad ĩcredulitatem. nam & peccatũ ĩcredulitaris ex ignorantia

484.0 378.0 1830.0 68.0 in paulo fuit : & factũ blaſphemię | perſequutionis & violentię ex ignorãtia quo fuit. In cuius ſignum

484.0 428.0 1834.0 72.0 ꝗ̃ primum audiuit ego ſum ieſus naſarenus quẽ tu perſequeris | ſtatim dixit domine quid me vis facere:

484.0 483.0 1834.0 62.0 Nonnulla ſiquidem ratio venię eſt ex ignorantia peccare: quoniam affectus peccantis ex ignorantia |

482.0 529.0 1839.0 64.0 non tendit per ſe ad malum: vtpote qui non tenderet in illud ſi ſciret eſſe malum. SVPERABVNDA¬

484.0 581.0 1837.0 62.0 VIT autem gratia domini noſtri.] Non ſolum miſericordiam cõſequutus ſum condonantem mihi

482.0 632.0 1839.0 56.0 peccata mea, ſed etiam ſuperabundauit gr̃a dñi noſtri: vtpore ꝓmouens me ad apoſtolatum. CVM fide

482.0 680.0 1839.0 68.0 & dilectione quę eſt in chro ieſu. ] Intellige ſuꝑabundauit | referri non ſolum ad gr̃am, ſed etiam ad doᛘ

482.0 727.0 1841.0 62.0 na fidei & dilectionis in chr̃o. hęc .n. tria abundanter in paulo apparent. nam & gratia apłica in eo exu¬

486.0 775.0 1837.0 70.0 berat: & fides valde inconcuſſa tum in perpeſſis tum in miraculis apparet:dilectio quoq ranta vt ipſe

482.0 822.0 1470.0 71.0 dicat. quis infirmatur & ego non infirmor | quis ſcandalizatur & ego non vror &c̃.

482.0 878.0 1839.0 62.0 FIDELIS ſermo & omni accęptione dignus.] Ne libertatem iuſti ex ſeipſo tantam ex quodam ſingu¬

484.0 926.0 1837.0 62.0 lari aſtruere videatur, ſubiungit vniuerſalem cauſam huiuſmodi libertatis | aduẽtum chr̃i. Et ſermonem

484.0 971.0 1839.0 67.0 huius cauſę cõmunis ſtatui euangelico pręmitrit eſſe tum fidelẽ | hoc eſt veracẽ, tum omni accęptatio¬

479.0 1017.0 1846.0 74.0 ne dignum: vt tam parti cognoſcitinę cõgruere ſignificetur ex veracitate |  parti affectiuę ex accęptabiᛘ

482.0 1073.0 1839.0 64.0 litate. QVIA. pro. ꝙ | chriſtus ieſus venit in hunc mundum peccatores faluos facere.] Superfluit hũc.

479.0 1120.0 1842.0 64.0 Ecce ſermo fidelis & omni accęptione dignus. Et dicendo venit in mundum | diuinam ieſu chrſti perſo¬

482.0 1166.0 1841.0 68.0 nam ſignificat. Quum enim eſſet ſupra mundum, ingreſſus eſt mundum | factus eſt vna mũdi pars quũ

479.0 1217.0 1844.0 69.0 factus eſt homo.¶ Et dicendo peccatores ſaluos facere | explicat quorſum venerit. E regione ad legẽ (quę

477.0 1267.0 1848.0 70.0 poſita eſt ad puniendos peccatores) dicitur ꝙ ieſus chriſtus venit ad ſaluãdum peccatores. quod eſt eri¬

479.0 1321.0 1842.0 64.0 pere eos a ſubiectione legis. QVORVM primus ego ſum. ] Relatiuum quorum | non refert peccatores

479.0 1364.0 1846.0 66.0 abſolute, ſed peccatores ſaluatos a chr̃o. Et eſt ſenſus. quorum peccatoꝶ qui ſaluantur per chriſti aduẽ¬

482.0 1416.0 1841.0 62.0 tum ego ſum primus : hoc eſt p̃cipuus. pctõrũ ſiquidẽ tunc tẽporis ſaluatoꝶ per chriſtum | duo fuerũt ge¬

477.0 1470.0 1844.0 60.0 nera. Alterum peccantiũ ex ĩfirmitate: vt mulier q̃ erat in ciuitate peccatrix | vt petrus qui ex timore ne¬

477.0 1517.0 1844.0 66.0 gauit| & ſimiles. Alteꝶ eorũ qui per ignorantiã crucifixerunt chr̃m | qui poſtea adueniente ſpiritu ſancto

479.0 1565.0 1842.0 64.0 pœnitẽtiã egerunt : vt dicitur in actibus apoſtoloꝶ. Paulus his oĩbus ſaluatis peccatoribus p̃ſtat, tum

479.0 1610.0 1844.0 66.0 ꝗa & blaſphemus & pſequutor & violentus fuerat. tum quia nec per aduentum ſpũs ſcti & p̃dicationẽ

480.0 1659.0 1836.0 71.0 apoſtoloꝶ cõuerſus eſt vt alii. Et ꝓpterea merito inter ſaluatos peccatores primum (hoc eſt p̃cipuum)

475.0 1707.0 1843.0 71.0 ſe dicit. ET ideo miſericordiam cõſequutus ſum: vt in me primo oſtenderet ieſus chr̃s oẽm patientiã

477.0 1759.0 1817.0 70.0 pro. longanimitatem, ad informationem eoꝶ qui credituri ſunt illi. pro. in illum | in vitam ęternam. ]

475.0 1809.0 1846.0 64.0 Primo nõ eſt aduerbium ſed nomẽ. & ſignificat p̃cipuũ. Reddiderat prius rõnem cõſequutę prius miſe¬

475.0 1861.0 1848.0 62.0 ricordię ex parte qualitatis peccati ſui : modo aliam rõnem reddit ex parte exempli tribuendi aliis pec¬

477.0 1910.0 1850.0 60.0 catoribus. Ideo inquit miſericordiam cõſecutus ſum vt in me primo (hoc eſt p̃cipuo) monſtraret ieſus

477.0 1962.0 1848.0 62.0 chr̃s oẽm lõganimitatẽ ꝓpriam quã ſeruat expectando peccatoꝶ pnĩam (animi .n. in longum ꝓpenſi

475.0 2009.0 1848.0 67.0 eſt hmõi expectatio) ad ſtatuendum me exemplar aliis qui credituri ſunt. Informationem intellige exẽ¬

477.0 2053.0 1848.0 72.0 plari forma. Et eſt ſenſus. vt in me prȩcipuo oſtenderet longanimitatem ad exemplarem informationẽ

475.0 2100.0 1843.0 73.0 itineris in vitam ęternã reſpectu eoꝶ qui credituri ſunt in chr̃m. In ip̃o ſiꝗdẽ paulo habemus prę ocu¬

475.0 2152.0 1841.0 66.0 lis exemplar eũdi in vitam æternã | uis peccatores ſimus. Modus aũt eũdi explicatur per fidem in chri¬

477.0 2200.0 1841.0 66.0 ſtum. Et hęc eſt ꝓpria ratio ꝓpter quã paulus p̃cipuus inter peccatores ſaluatos miſericordiã cõſecutus

477.0 2251.0 1844.0 69.0 eſt. ¶ REGI aũt ſęculoꝶ. ] Superius dixerat  | & gr̃am habeo : mõ exercet gratiarũ actiones, dicendo. regi

477.0 2299.0 1844.0 66.0 aũt nõ vnius ſęculi ſed ſęculoꝶ. IMMORTALI. ] ad differẽtiã regum lõgęuę vitę : puta noe qui & ſęcuᛘ

477.0 2351.0 1846.0 68.0 lo añ diluuium p̃fuit & ſęculo poſt diluuium, qui tñ non fuit ĩmortalis. INVISIBILI.] Hoc ad differẽᛘ

475.0 2402.0 1843.0 64.0 tiam cœleſtiũ corpoꝶ dicit̃ cœlum. n. licet regat ſęcula & ſit ĩmortale, eſt tũ viſibile. SOLI deo.] Defi¬

477.0 2452.0 1844.0 58.0 cit ſapiẽti. legendũ eſt. SOLI ſapienti. ] ſuapte natura. reliquę .n. ſubſtãtię ĩmortales ac inuiſibiles quũ

475.0 2497.0 1843.0 69.0 in nudis naturalibus deſipere poſſint peccãdo, nõ ſunt ſuapte natura ſapientes: ſed quęcun ſunt ſapiẽ¬

475.0 2553.0 1846.0 62.0 tes | ex liberali dono dei ſapiunt. Quũ dixiſſet tot regis cõditiones, par fuit vt plenę ſapię meminerit : ex¬

473.0 2597.0 1839.0 66.0 plicando nõ ſolum ꝙ eſt ſapiens | ſed ꝙ eſt ſolus ſapiens. DEO. ] Faciendũ eſt punctũ poſt ſoli ſapienti,

473.0 2648.0 1843.0 62.0 & deinde ſubiungendum deo. quadrat ſiquidẽ poſt tot adiectiua vt natura ipſius regis explicet̃, dicẽdo

473.0 2694.0 1843.0 70.0 deo. HONOR & głia in ſęcula ſęculoꝶ amen. ] Hęc de ĩteriectis. Vnde & rediẽs ad principiũ epiſtolę

473.0 2746.0 1359.0 66.0 ſicut rogaui te vt remaneres epheſi vt pręciperes quibuſdam &c̃. ſubiungit.

477.0 2795.0 1839.0 66.0 HOC p̃cęptũ cõmẽdo tibi fili timothee.] Illo mõ quo rogani te vt remaneres & p̃ciperes epheſi : nũc

475.0 2845.0 1837.0 66.0 quo cõmendo tibi hoc p̃cęptum de fine oĩum præcęptoꝶ explicato | de libertate iuſtoꝶ a lege de dileᛘ

473.0 2890.0 1839.0 66.0 ctione ex corde puro & fide non ficta & conſcientia bona. SECVNDVM præcędentes in te prophe¬

473.0 2938.0 1843.0 70.0 rias vt milites in illis bonam militiam.] In actibus apoſtoloꝶ ſcribitur ꝙ de timotheo multa bona

480.0 2986.0 1815.0 180.0 teddebantur teſtimonia | quum paulus aſſumpſit eum ſecum. plus autem explicatur hic | dicendo 
