2439 3722
1908.0 139.0 99.0 84.0 140

552.0 120.0 211.0 69.0 CAPVT

1337.0 124.0 90.0 65.0 .I.

115.0 167.0 1850.0 89.0 explicat:vt ex ipſa vnitate finis præcęptorum | varietas arguatur doctorum. Finis inquit præcępti eſt

117.0 235.0 1839.0 73.0 dilectio, nõ qualiſcun ſed procedens a triplici fonte. Primus eſt. DE CORDE puro.] hoc eſt affectu

115.0 287.0 1837.0 62.0 puro | a paſſionibus & a malicia. ET cõſcientia bona.] Secundus fons eſt applicatio ſciẽtię | applicatio

115.0 334.0 1837.0 67.0 inquã bona, ad agendũ | ad cauendũ &c̃ Multi n.hñt applicationẽ ſciæ malam: & ĩnumera mala ĩde ſe¬

119.0 386.0 1833.0 62.0 quunt. ET fide non ficta.] Tertius eſt hic fons vltimo loco ſcriptus : eo ꝙ duo primi naturę ſunt, hic

115.0 428.0 1837.0 76.0 aũt tertius reuelarę eſt gratiæ. Et dicit fide nõ ficta, | ꝓpter hypocritas in fide: qui fingebant ſe chriſtianos |

119.0 479.0 1833.0 71.0 & nec erant chriſtiani nec iudęi.   Diſcurre per pręcępta : & inuenies omnia ordinari ad dilectionem

117.0 533.0 1835.0 62.0 talem. huiuſmodi enim dilectio eſt dilectio dei & proximi ex vera fide in intellectu | & ex puro corde in

117.0 583.0 1835.0 62.0 affectu | & ex conſcientia bona in applicatione & exequutione : quæ perficit & mandata primę & ſe¬

111.0 626.0 1841.0 72.0 cunde tabulę  Hęc ſunt quæ paulus proponit tractanda in hac epiſtola. Verum anteꝗ̃ ſigillatim par¬

113.0 680.0 1839.0 72.0 riculas ꝓpoſitas tractet, neceſſitatem cõmemorat remãſionis timothei epheſi ad p̃cipiẽdum quę dixit|

111.0 731.0 1839.0 67.0 ex caſu aberrantium ab his. Vnde dicit. A QVIBVS.] pręcęptis & cõditionibus finis pręcęptorum.

113.0 783.0 1835.0 62.0 QVIDAM aberrantes. ] Similes pſeudapłis ſignificat. CONVERSI ſunt in vaniloquiũ. ] ab vtili doᛘ

113.0 829.0 1835.0 66.0 ctrina. VOLENTES eſſe legiſdoctores. ] Hinc apparet iudęos eſſe iſtos qui doctrinam legis moyſi ĩ¬

113.0 878.0 1831.0 69.0 gerebant. Et hinc coniicitur iſtos eſſe quos appellauit alia docentes. Et iungitur vaniloquio non do¬

113.0 926.0 1827.0 68.0 ctrina legis, ſed voluntas vtendi officio doctoris legis verſa dicitur in vaniloquium. Et ratio ſubditur.

113.0 978.0 1812.0 70.0 NON intelligentes ne quę loqurntur.] ipſimet pręcępta legis. NEQVE de quibus affirmant.]

111.0 1025.0 509.0 60.0 obligari ad pręcępta legis.

113.0 1079.0 1835.0 64.0 ¶ SCIMVS aũt ꝙ bona eſt lex.] Intendit paulus cõmemorare vt timotheus nõ ſolum pręcipiat vi¬

109.0 1124.0 1835.0 67.0 tari fabulas & quęſtiones de genealogiis | ſed ẽt doctores legis moyſi male applicãtes illã: quod eſſet ſi ap¬

111.0 1174.0 1835.0 66.0 plicarent illam ad obligandum iuſtificatos in chr̃o. Et ꝓpter hoc non repręhendit legem ſed laudat eã :

111.0 1222.0 1833.0 70.0 dicendo ſcimus aũt ꝙ lex bona eſt. Vituperat autẽ male applicãtes eam ſubiũgendo. SI QVIS ea legi¬

113.0 1271.0 1829.0 64.0 time vtat̃. ] hoc eſt ſi ꝗs eã ẜm ipſammet legem applicet. Et ne vageris quęrẽdo ꝗd eſt legitime appli¬

113.0 1321.0 1829.0 72.0 care | explicat ſubiungẽdo. SCIENTES. pro. ſciẽs | hoc.] Ecce legitimus vſus | ſciens hoc. QVIA. pro. ꝙ|

107.0 1364.0 1837.0 73.0 lex iuſto nõ eſt poſita ] Formalis eſt ſermo pauli.nã quum lex non ſuperflue ponat̃ | & iuſtus quatenus

109.0 1422.0 1833.0 62.0 iuſtus nõ indigeat lege, formaliter venficatur ꝙ iuſto nõ eſt lex ſcripta poſita. Rurſus quum medium le¬

109.0 1474.0 1833.0 64.0 gis ſit pœna |& iuſtus quatenus iuſtus nulli ſit obnoxius pœnę, formaliter verificat̃ ꝙ iuſto nõ eſt lex poᛘ

109.0 1519.0 1833.0 58.0 fita.  Et intẽdit per hoc ꝙ quẽadmodũ male applicatur lex ad iuſtos, ita male applicat̃ ad iuſtificatos

107.0 1567.0 1835.0 60.0 in chr̃o. & ꝓpterea ſubiunget de ſeipſo iuſtificato in chriſto. Cũ qua veritate ſtat ꝙ ſi iuſtus recedat a iuᛘ

107.0 1614.0 1837.0 65.0 ſtiriaiſtarim inuenit in ordine eoꝶ ꝗbus eſt lex poſita: vtpote nõ iuſtus. SED iniuſtis.] E regione iuſti

109.0 1666.0 1835.0 64.0 vniuerſaliter | noĩat ꝑ partes multa genera iniuſtor. Et primo iniuſtos in genere. ET non ſubditis. pro. &

103.0 1716.0 1837.0 66.0 iis qui ſubdi nolunt, ipiis.] in patriã ac parẽtes &c̃. ET peccatoribus. ] a recto recedẽtibus. SCELE¬

107.0 1761.0 1837.0 62.0 RATIS. ] qui prę aliis copia flagitioꝶ exuberant. ET cõtaminatis. pro.prophanis.] ea q̃ religionis

103.0 1813.0 1839.0 66.0 ſunt polluẽtibus. PATRICIDIS & matricidis.] Clara ſunt crimina hęc. HOMICIDIS | fornicariis |

105.0 1867.0 1837.0 64.0 maſculorum cõcubitoribus, plagiariis.] Dictio plagiariis ſignificat fures hoium in mãcipia, vel ven¬

101.0 1912.0 1843.0 64.0 dẽda vel redimẽda ab ipſiſmet captis ſen ſibi cõiunctis. MENDACIBVS & periuris. Superfluir et. & ſiᛘ

103.0 1964.0 1839.0 62.0 quid aliud ſanę doctrinę aduerſat̃. ] Ne per oẽs ſpecies diſcurrat | vnico verbo reliqua compręhendit.

109.0 2016.0 1835.0 62.0 QVÆ eſt. ] Superflunnt hæ duę dictiones adiunctę ab aliquo qui reſtringere voluit ſequentẽ particuᛘ

103.0 2063.0 1839.0 62.0 lã ad ſanã doctrinã:quũ tamen poſſit alio referri.nam & põt referri ad id quod dixerat | ſciẽs hoc : vt mõᛘ

105.0 2111.0 1837.0 62.0 explicet ſciẽs hoc. SECVNDVM euãgelium glorię beati dei.]  ad ſignificãdum vnde ſcit̃ hęc libertas

101.0 2160.0 1841.0 62.0 iuſti a lege. ſ. exeuangelio glorię beari dei. & ad diſcernendum vere ſcientes ab illis qui volunt eſſe legiſ¬

114.0 2202.0 1828.0 74.0 doctores & nõ intelligunt ꝗd dicant, ꝗa neſciũt euangelium glorię dei beati. Poteſt nihilominus re¬

103.0 2258.0 1841.0 66.0 terri ad ſanam doctrinam, ad explicandum quę eſt ſana doctrina: quę ſcilicet eſt ẜm euangelium gloriæ

107.0 2309.0 1833.0 60.0 non hominis ſed dei | non ẜm ſtatum pręſentem ſed beatum. Et apte loquens de lege | appellat euange¬

105.0 2353.0 1839.0 66.0 lium euãgeliũ glorię beati dei, quoniã finis iuſti qui vere iuſtus eſt | eſt gloria apud deum beatum quam

107.0 2404.0 1839.0 66.0 oportet eſſe gloriã fœliciratis ęternę. QVOD creditum eſt mihi. ] Ad declarãdũ exfacto in ſeipſo pau¬

103.0 2456.0 1843.0 62.0 lo quod dixerat (videlicet lex iuſto non eſt poſita) ſubiungit qualis modo eſt in ſtatu euãgelii & qualis

105.0 2502.0 1839.0 70.0 prius fuerit | & vnde &c̃. Ab officio ita euangelico inchoat: & vt materiam gratiarum actionis ſuppu¬

105.0 2545.0 1837.0 70.0 tat multitudinem beneficiorum ſibi collatorum ad enangelicum munus | ſubiungendo.  GRATIAS

107.0 2603.0 1833.0 68.0 ago. pro. & gratiam habeo | ei qui me confortauit. pro. potentem fecit | in chriſto ieſu domino noſtro.]

105.0 2642.0 1841.0 77.0 Superfluit in. Et gratiam habeo ei domino noſtro ieſu chriſto. vel gratiam habeo ei | qui fecit me potenᛘ

103.0 2702.0 1845.0 60.0 tem chriſto ieſu domino noſtro. non fecit me potentẽ mundo aut mihi ipſi ſed chriſto: hoc eſt ad ſerui¬

105.0 2750.0 1843.0 66.0 tium chriſti. Ꝙ FIDELEM me exiſtimauit. Ecce aliud beneficium ꝙ me iudicauit fidelem | ꝙ me

105.0 2801.0 1843.0 62.0 vſus eſt vt fideli. PONENS in miniſterio.] procul dubio ſuo ad propagationẽ regni cœlorum. QVI

105.0 2841.0 1843.0 76.0 prius blaſphemus fui ] Explicatis donis in libertate euangelii, explicat crimina quo propria in ſtaᛘ

105.0 2888.0 1843.0 77.0 tu legis. Et dicit ſe fuiſſe blaſphemum | propter iniurias quas irrogauerat chriſto. Agnoſcens ſiquidem

103.0 2938.0 1847.0 70.0 chr̃m eſſe verũ deum | agnoſcit peccatũ ſuũ in chr̃m fuiſſe blaſphemiam. ET pſequutor.] ſubaudi ec¬

107.0 2994.0 1841.0 115.0 cleſię chriſti. ET contumelioſus. pro. & violentus] Non ſolum perſequutus fuerat paulus ecceleſiam

686.0 3047.0 356.0 83.0 Caiet. ſuꝑ epi. apo.

1667.0 3045.0 184.0 112.0 S IIII
