1097 1747
196.0 80.0 23.0 38.0 2

341 63 476 56 PROLEGOMENA

188.0 117.0 807.0 64.0 affirmat Apoſtolus eum à puero ſacras nouiſ¬

188.0 170.0 807.0 58.0 ſe literas, & cap.1. eiuſdem epiſtolæ fidem a¬

190.0 221.0 807.0 62.0 uiæ, & matris in ipſo quoque filio habitare

190.0 273.0 200.0 50.0 affirmat.

242 314 752 63 Porrò, quia patrem Græcum habuit, id¬

190.0 367.0 802.0 59.0 eo non fuiſſe in infantia circunciſum proba¬

191.0 414.0 803.0 64.0 bile eſt: à qua illum poſtea Chriſti religio

193.0 466.0 805.0 61.0 & profeſsio liberare poterat, niſi certo Spi¬

190.0 516.0 812.0 58.0 ritus Sancti conſilio Apoſtolus illum ad cer¬

192.0 565.0 814.0 58.0 tam Eccleſiarum vtilitatem circuncidiſſet:

192.0 615.0 815.0 57.0 id quod Diuus Lucas non obſcurè indicat

193.0 663.0 813.0 60.0 capite decimoquinto Actorum, ſcilicet pro¬

196.0 716.0 809.0 55.0 pter Iudæos, qui in illis locis habitabant, &

192.0 759.0 810.0 61.0 nouerant patre Græco natum, & ob id cir¬

193.0 811.0 806.0 61.0 cunciſum, quem vt ferrent & Apoſtoli do¬

193.0 859.0 804.0 62.0 ctrinam faciliùs admitterent, aſſumptum

194.0 912.0 236.0 56.0 circuncidit.

241.0 960.0 760.0 61.0 Ab eo igitur tempore, peregrinationum

195.0 1009.0 810.0 59.0 Apoſtoli vel fuit comes, vel Apoſtolo præ¬

199.0 1056.0 800.0 60.0 pedito, ipſe tanquam legatus ad diuerſas Ec¬

192.0 1106.0 814.0 58.0 cleſias inſpiciendas miſſus eſt, adeò vt & ipſe

193.0 1153.0 811.0 61.0 Apoſtoli munere vide atur functus. Comes

193.0 1203.0 810.0 59.0 eſt Apoſtoli Actor. decimo ſexto & viceſimo.

193.0 1253.0 808.0 62.0 Legatione verò fungitur ab ipſo Apoſtolo

193.0 1306.0 805.0 55.0 miſſus, Actorum decimonono, cum Eraſto

192.0 1353.0 804.0 58.0 mittitur in Macedoniam, ad Corinthios miſ¬

192.0 1403.0 805.0 57.0 ſus eſt vt illis reuocaret in memoriam vias

195.0 1452.0 805.0 59.0 Apoſtoli, vt eſt primæ Corinth. 4. ſic miſ¬

193.0 1501.0 807.0 70.0 ſus eſt ad Philippenſem Eccleſiam vt illo¬

900.0 1556.0 102.0 68.0 rum
